@book {MR2433856,
    AUTHOR = {Hoffstein, Jeffrey and Pipher, Jill and Silverman, Joseph H.},
     TITLE = {An introduction to mathematical cryptography},
    SERIES = {Undergraduate Texts in Mathematics},
 PUBLISHER = {Springer, New York},
      YEAR = {2008},
     PAGES = {xvi+523},
      ISBN = {978-0-387-77993-5},
   MRCLASS = {94A60 (11T71 14G50)},
  MRNUMBER = {2433856 (2009m:94051)},
MRREVIEWER = {Jintai Ding},
}
@incollection {MR2080134,
    AUTHOR = {Hoffstein, Jeffrey and Howgrave-Graham, Nick and Pipher, Jill
              and Silverman, Joseph H. and Whyte, William},
     TITLE = {N{TRUS}ign: digital signatures using the {NTRU} lattice},
 BOOKTITLE = {Topics in cryptology---{CT}-{RSA} 2003},
    SERIES = {Lecture Notes in Comput. Sci.},
    VOLUME = {2612},
     PAGES = {122--140},
 PUBLISHER = {Springer},
   ADDRESS = {Berlin},
      YEAR = {2003},
   MRCLASS = {94A60},
  MRNUMBER = {2080134},
       DOI = {10.1007/3-540-36563-X_9},
       URL = {http://dx.doi.org/10.1007/3-540-36563-X_9},
}
@incollection {MR1881629,
    AUTHOR = {Hoffstein, Jeffrey and Silverman, Joseph},
     TITLE = {Optimizations for {NTRU}},
 BOOKTITLE = {Public-key cryptography and computational number theory
              ({W}arsaw, 2000)},
     PAGES = {77--88},
 PUBLISHER = {de Gruyter},
   ADDRESS = {Berlin},
      YEAR = {2001},
   MRCLASS = {94A60 (11T71)},
  MRNUMBER = {1881629 (2003f:94060)},
}
@article{DBLP:journals/iacr/HoffsteinPSSWZ15,
  author    = {Jeffrey Hoffstein and
               Jill Pipher and
               John M. Schanck and
               Joseph H. Silverman and
               William Whyte and
               Zhenfei Zhang},
  title     = {Choosing Parameters for NTRUEncrypt},
  journal   = {{IACR} Cryptology ePrint Archive},
  volume    = {2015},
  pages     = {708},
  year      = {2015},
  url       = {http://eprint.iacr.org/2015/708},
  timestamp = {Tue, 28 Jul 2015 11:08:22 +0200},
  biburl    = {http://dblp.uni-trier.de/rec/bib/journals/iacr/HoffsteinPSSWZ15},
  bibsource = {dblp computer science bibliography, http://dblp.org}
}

@incollection {MR1726077,
    AUTHOR = {Hoffstein, Jeffrey and Pipher, Jill and Silverman, Joseph H.},
     TITLE = {N{TRU}: a ring-based public key cryptosystem},
 BOOKTITLE = {Algorithmic number theory ({P}ortland, {OR}, 1998)},
    SERIES = {Lecture Notes in Comput. Sci.},
    VOLUME = {1423},
     PAGES = {267--288},
 PUBLISHER = {Springer},
   ADDRESS = {Berlin},
      YEAR = {1998},
   MRCLASS = {94A60},
  MRNUMBER = {1726077},
       DOI = {10.1007/BFb0054868},
       URL = {http://dx.doi.org/10.1007/BFb0054868},
}
		
@incollection {MR1903891,
    AUTHOR = {May, Alexander and Silverman, Joseph H.},
     TITLE = {Dimension reduction methods for convolution modular lattices},
 BOOKTITLE = {Cryptography and lattices ({P}rovidence, {RI}, 2001)},
    SERIES = {Lecture Notes in Comput. Sci.},
    VOLUME = {2146},
     PAGES = {110--125},
 PUBLISHER = {Springer},
   ADDRESS = {Berlin},
      YEAR = {2001},
   MRCLASS = {11H50 (11H71 94A60)},
  MRNUMBER = {1903891 (2003d:11097)},
MRREVIEWER = {Simon N. Litsyn},
       DOI = {10.1007/3-540-44670-2_10},
       URL = {http://dx.doi.org/10.1007/3-540-44670-2_10},
}



@incollection {MR2972929,
    AUTHOR = {Lyubashevsky, Vadim},
     TITLE = {Lattice signatures without trapdoors},
 BOOKTITLE = {Advances in cryptology---{EUROCRYPT} 2012},
    SERIES = {Lecture Notes in Comput. Sci.},
    VOLUME = {7237},
     PAGES = {738--755},
 PUBLISHER = {Springer},
   ADDRESS = {Heidelberg},
      YEAR = {2012},
   MRCLASS = {94A60 (11T71 60E99 94A62)},
  MRNUMBER = {2972929},
}
		

@incollection {MR2593089,
    AUTHOR = {Lyubashevsky, Vadim},
     TITLE = {Fiat-{S}hamir with aborts: applications to lattice and
              factoring-based signatures},
 BOOKTITLE = {Advances in cryptology---{ASIACRYPT} 2009},
    SERIES = {Lecture Notes in Comput. Sci.},
    VOLUME = {5912},
     PAGES = {598--616},
 PUBLISHER = {Springer},
   ADDRESS = {Berlin},
      YEAR = {2009},
   MRCLASS = {94A62},
  MRNUMBER = {2593089},
       DOI = {10.1007/978-3-642-10366-7_35},
       URL = {http://dx.doi.org/10.1007/978-3-642-10366-7_35},
}
		

@incollection {MR2570228,
    AUTHOR = {Lyubashevsky, Vadim},
     TITLE = {Lattice-based identification schemes secure under active
              attacks},
 BOOKTITLE = {Public key cryptography---{PKC} 2008},
    SERIES = {Lecture Notes in Comput. Sci.},
    VOLUME = {4939},
     PAGES = {162--179},
 PUBLISHER = {Springer},
   ADDRESS = {Berlin},
      YEAR = {2008},
   MRCLASS = {94A62 (11H06 94A60)},
  MRNUMBER = {2570228 (2010m:94142)},
       DOI = {10.1007/978-3-540-78440-1_10},
       URL = {http://dx.doi.org/10.1007/978-3-540-78440-1_10},
}
		



@article {MR2496387,
    AUTHOR = {Nguyen, Phong Q. and Regev, Oded},
     TITLE = {Learning a parallelepiped: cryptanalysis of {GGH} and {NTRU}
              signatures},
   JOURNAL = {J. Cryptology},
  FJOURNAL = {Journal of Cryptology. The Journal of the International
              Association for Cryptologic Research},
    VOLUME = {22},
      YEAR = {2009},
    NUMBER = {2},
     PAGES = {139--160},
      ISSN = {0933-2790},
     CODEN = {JOCREQ},
   MRCLASS = {94A60 (11T71 68P25)},
  MRNUMBER = {2496387 (2010j:94046)},
MRREVIEWER = {George Petrides},
       DOI = {10.1007/s00145-008-9031-0},
       URL = {http://dx.doi.org/10.1007/s00145-008-9031-0},
}
		

@incollection {MR2423548,
    AUTHOR = {Nguyen, Phong Q. and Regev, Oded},
     TITLE = {Learning a parallelepiped: cryptanalysis of {GGH} and {NTRU}
              signatures},
 BOOKTITLE = {Advances in cryptology---{EUROCRYPT} 2006},
    SERIES = {Lecture Notes in Comput. Sci.},
    VOLUME = {4004},
     PAGES = {271--288},
 PUBLISHER = {Springer},
   ADDRESS = {Berlin},
      YEAR = {2006},
   MRCLASS = {94A60},
  MRNUMBER = {2423548 (2009f:94054)},
       DOI = {10.1007/11761679_17},
       URL = {http://dx.doi.org/10.1007/11761679_17},
}
		

@article{product_form,
	series = {The 2000 {Com2MaC} Workshop on Cryptography},
	title = {Random small Hamming weight products with applications to cryptography},
	volume = {130},
	issn = {0166-{218X}},
	number = {1},
	journal = {Discrete Applied Mathematics},
	author = {Hoffstein, Jeffrey and Silverman, Joseph H.},
	month = aug,
	year = {2003},
	pages = {37--49}
}



@incollection{Lyu09,
    author = {Lyubashevsky, Vadim},
    title = {Fiat-shamir with aborts: Applications to lattice and factoring-based signatures},
    booktitle = {Advances in {Cryptology–ASIACRYPT} 2009},
    publisher = {Springer},
    year = {2009},
    pages = {598–616}
},

@inproceedings{GPV08,
    author = {Gentry, Craig and Peikert, Chris and Vaikuntanathan, Vinod},
    title = {Trapdoors for hard lattices and new cryptographic constructions},
    booktitle = {Proceedings of the 40th annual {ACM} symposium on Theory of computing},
    series = {{STOC} '08},
    publisher = {{ACM}},
    address = {New York, {NY}, {USA}},
    year = {2008},
    pages = {197–206}
},

@incollection{DN12,
	series = {Lecture Notes in Computer Science},
	title = {Learning a Zonotope and More: Cryptanalysis of {NTRUSign} Countermeasures},
	copyright = {©2012 International Association for Cryptologic Research},
	isbn = {978-3-642-34960-7, 978-3-642-34961-4},
	shorttitle = {Learning a Zonotope and More},
	url = {http://link.springer.com/chapter/10.1007/978-3-642-34961-4_27},
	abstract = {{NTRUSign} is the most practical lattice signature scheme. Its basic version was broken by Nguyen and Regev in 2006: one can efficiently recover the secret key from about 400 signatures. However, countermeasures have been proposed to repair the scheme, such as the perturbation used in {NTRUSign} standardization proposals, and the deformation proposed by Hu et al. at {IEEE} Trans. Inform. Theory in 2008. These two countermeasures were claimed to prevent the {NR} attack. Surprisingly, we show that these two claims are incorrect by revisiting the {NR} gradient-descent attack: the attack is more powerful than previously expected, and actually breaks both countermeasures in practice, e.g. 8,000 signatures suffice to break {NTRUSign-251} with one perturbation as submitted to {IEEE} P1363 in 2003. More precisely, we explain why the Nguyen-Regev algorithm for learning a parallelepiped is heuristically able to learn more complex objects, such as zonotopes and deformed parallelepipeds.},
	number = {7658},
	urldate = {2014-05-28},
	booktitle = {Advances in Cryptology – {ASIACRYPT} 2012},
	publisher = {Springer Berlin Heidelberg},
	author = {Ducas, L\'eo and Nguyen, Phong Q.},
	editor = {Wang, Xiaoyun and Sako, Kazue},
	month = jan,
	year = {2012},
	keywords = {Algorithm Analysis and Problem Complexity, Applications of Mathematics, Data Encryption, Discrete Mathematics in Computer Science, Management of Computing and Information Systems, Systems and Data Security},
	pages = {433--450}
}
@inproceedings{DBLP:conf/crypto/DucasDLL13,
  author    = {L{\'{e}}o Ducas and
               Alain Durmus and
               Tancr{\`{e}}de Lepoint and
               Vadim Lyubashevsky},
  title     = {Lattice Signatures and Bimodal Gaussians},
  booktitle = {Advances in Cryptology - {CRYPTO} 2013 - 33rd Annual Cryptology Conference,
               Santa Barbara, CA, USA, August 18-22, 2013. Proceedings, Part {I}},
  pages     = {40--56},
  year      = {2013},
  crossref  = {DBLP:conf/crypto/2013-1},
  url       = {http://dx.doi.org/10.1007/978-3-642-40041-4_3},
  doi       = {10.1007/978-3-642-40041-4_3},
  timestamp = {Wed, 21 Aug 2013 17:20:48 +0200},
  biburl    = {http://dblp.uni-trier.de/rec/bib/conf/crypto/DucasDLL13},
  bibsource = {dblp computer science bibliography, http://dblp.org}
}

@inproceedings{DBLP:conf/crypto/LyubashevskyM09,
  author    = {Vadim Lyubashevsky and
               Daniele Micciancio},
  title     = {On Bounded Distance Decoding, Unique Shortest Vectors, and the Minimum
               Distance Problem},
  booktitle = {Advances in Cryptology - {CRYPTO} 2009, 29th Annual International
               Cryptology Conference, Santa Barbara, CA, USA, August 16-20, 2009.
               Proceedings},
  pages     = {577--594},
  year      = {2009},
  crossref  = {DBLP:conf/crypto/2009},
  url       = {http://dx.doi.org/10.1007/978-3-642-03356-8_34},
  doi       = {10.1007/978-3-642-03356-8_34},
  timestamp = {Wed, 07 Oct 2009 17:00:40 +0200},
  biburl    = {http://dblp.uni-trier.de/rec/bib/conf/crypto/LyubashevskyM09},
  bibsource = {dblp computer science bibliography, http://dblp.org}
}

@inproceedings{DBLP:conf/pqcrypto/HoffsteinPSSW14,
  author    = {Jeffrey Hoffstein and
               Jill Pipher and
               John M. Schanck and
               Joseph H. Silverman and
               William Whyte},
  title     = {Transcript Secure Signatures Based on Modular Lattices},
  booktitle = {Post-Quantum Cryptography - 6th International Workshop, PQCrypto 2014,
               Waterloo, ON, Canada, October 1-3, 2014. Proceedings},
  pages     = {142--159},
  year      = {2014},
  crossref  = {DBLP:conf/pqcrypto/2014},
  url       = {http://dx.doi.org/10.1007/978-3-319-11659-4_9},
  doi       = {10.1007/978-3-319-11659-4_9},
  timestamp = {Thu, 25 Sep 2014 13:25:45 +0200},
  biburl    = {http://dblp.uni-trier.de/rec/bib/conf/pqcrypto/HoffsteinPSSW14},
  bibsource = {dblp computer science bibliography, http://dblp.org}
}
@article{DBLP:journals/iacr/AlkimBBD15,
  author    = {Erdem Alkim and
               Nina Bindel and
               Johannes A. Buchmann and
               {\"{O}}zg{\"{u}}r Dagdelen},
  title     = {{TESLA:} Tightly-Secure Efficient Signatures from Standard Lattices},
  journal   = {{IACR} Cryptology ePrint Archive},
  volume    = {2015},
  pages     = {755},
  year      = {2015},
  url       = {http://eprint.iacr.org/2015/755},
  timestamp = {Fri, 28 Aug 2015 11:25:37 +0200},
  biburl    = {http://dblp.uni-trier.de/rec/bib/journals/iacr/AlkimBBD15},
  bibsource = {dblp computer science bibliography, http://dblp.org}
}

@incollection{harrison2009efficient,
  title={Efficient acceleration of asymmetric cryptography on graphics hardware},
  author={Harrison, Owen and Waldron, John},
  booktitle={Progress in Cryptology--AFRICACRYPT 2009},
  pages={350--367},
  year={2009},
  publisher={Springer}
}

@inproceedings{manavski2007cuda,
  title={CUDA compatible GPU as an efficient hardware accelerator for AES cryptography},
  author={Manavski, Svetlin A},
  booktitle={Signal Processing and Communications, 2007. ICSPC 2007. IEEE International Conference on},
  pages={65--68},
  year={2007},
  organization={IEEE}
}

@TechReport{nvidiamaxwell,
  title={{Maxwell: The Most Advanced CUDA GPU Ever Made}},
  author={{NVIDIA Corporation}},
  year={2014}
}

@article{Hoffstein:2003:RSH:945978.945983,
  author = {Hoffstein, Jeffrey and Silverman, Joseph H.},
  title = {Random Small Hamming Weight Products with Applications to Cryptography},
  journal = {Discrete Appl. Math.},
  issue_date = {8 August 2003},
  volume = {130},
  number = {1},
  month = aug,
  year = {2003},
  issn = {0166-218X},
  pages = {37--49},
  numpages = {13},
  url = {http://dx.doi.org/10.1016/S0166-218X(02)00588-7},
  doi = {10.1016/S0166-218X(02)00588-7},
  acmid = {945983},
  publisher = {Elsevier Science Publishers B. V.},
  address = {Amsterdam, The Netherlands, The Netherlands},
}

@InBook{Howgrave-Graham2007,
  Title                    = {Advances in Cryptology - CRYPTO 2007: 27th Annual International Cryptology Conference, Santa Barbara, CA, USA, August 19-23, 2007. Proceedings},
  Author                   = {Howgrave-Graham, Nick},
  Chapter                  = {A Hybrid Lattice-Reduction and Meet-in-the-Middle Attack Against NTRU},
  Editor                   = {Menezes, Alfred},
  Pages                    = {150--169},
  Publisher                = {Springer Berlin Heidelberg},
  Year                     = {2007},
  
  Address                  = {Berlin, Heidelberg},
  
  Doi                      = {10.1007/978-3-540-74143-5_9},
  ISBN                     = {978-3-540-74143-5},
  Url                      = {http://dx.doi.org/10.1007/978-3-540-74143-5_9}
}


@incollection{NTRUMLS2014,
year={2014},
isbn={978-3-319-11658-7},
booktitle={Post-Quantum Cryptography},
volume={8772},
series={Lecture Notes in Computer Science},
editor={Mosca, Michele},
doi={10.1007/978-3-319-11659-4_9},
title={Transcript Secure Signatures Based on Modular Lattices},
url={http://dx.doi.org/10.1007/978-3-319-11659-4_9},
publisher={Springer International Publishing},
author={Hoffstein, Jeff and Pipher, Jill and Schanck, JohnM. and Silverman, JosephH. and Whyte, William},
pages={142-159},
language={English}
}
@Misc{Chen2016,
  Title                    = {Report on Post-Quantum Cryptography},

  Author                   = {Chen, Lily and Jordan, Stephen and Liu, Yi-Kai and Moody, Dustin and Peralta, Rene and Perlner, Ray and Smith-Tone, Daniel},
  HowPublished             = {National Institute of Standards and Technology Internal Report 8105},
  Month                    = {February},
  Year                     = {2016},

  Owner                    = {john},
  Timestamp                = {2016.02.17}
}


@Misc{NSA,
  Title                    = {{NSA} {Suite} {B} {Cryptography} - {NSA}/{CSS}},

  Owner                    = {john},
  Timestamp                = {2016.02.17},
  Url                      = {https://www.nsa.gov/ia/programs/suiteb_cryptography/},
  Urldate                  = {2016-02-17}
}

@Misc{salsa_ietf,
  Title                    = {{ChaCha20} and {Poly1305} for {IETF} {Protocols}},
  author    = { Y. Nir and A. Langley},
  Url                      = {https://tools.ietf.org/html/rfc7539},
  Urldate                  = {2016-05-04}
}
@InProceedings{DBLP:conf/focs/Shor94,
  Title                    = {Algorithms for Quantum Computation: Discrete Logarithms
 and Factoring},
  Author                   = {Peter W. Shor},
  Booktitle                = {FOCS},
  Year                     = {1994},
  Pages                    = {124-134},

  Bibsource                = {DBLP, http://dblp.uni-trier.de},
  Crossref                 = {DBLP:conf/focs/FOCS35},
  Ee                       = {http://doi.ieeecomputersociety.org/10.1109/SFCS.1994.365700}
}
@inproceedings{DBLP:conf/ants/HoffsteinPS98,
  author    = {Jeffrey Hoffstein and
               Jill Pipher and
               Joseph H. Silverman},
  title     = {{NTRU:} {A} Ring-Based Public Key Cryptosystem},
  booktitle = {Algorithmic Number Theory, Third International Symposium, ANTS-III,
               Portland, Oregon, USA, June 21-25, 1998, Proceedings},
  pages     = {267--288},
  year      = {1998},
  crossref  = {DBLP:conf/ants/1998},
  url       = {http://dx.doi.org/10.1007/BFb0054868},
  doi       = {10.1007/BFb0054868},
  timestamp = {Thu, 16 Jun 2011 15:52:18 +0200},
  biburl    = {http://dblp.uni-trier.de/rec/bib/conf/ants/HoffsteinPS98},
  bibsource = {dblp computer science bibliography, http://dblp.org}
}

@incollection{Salsa20,
year={2008},
isbn={978-3-540-68350-6},
booktitle={New Stream Cipher Designs},
volume={4986},
series={Lecture Notes in Computer Science},
editor={Robshaw, Matthew and Billet, Olivier},
doi={10.1007/978-3-540-68351-3_8},
title={The Salsa20 Family of Stream Ciphers},
url={http://dx.doi.org/10.1007/978-3-540-68351-3_8},
publisher={Springer Berlin Heidelberg},
author={Bernstein, DanielJ.},
pages={84-97},
language={English}
}

@inproceedings{ajtai96,
	series = {{STOC} 1996},
	title = {Generating hard instances of lattice problems (extended abstract)},
	booktitle = {Proceedings of the twenty-eighth annual {ACM} symposium on theory of computing},
	publisher = {{ACM}},
	author = {Ajtai, M.},
	year = {1996},
	pages = {99--108}
},

@incollection{GN08,
	series = {{LNCS}},
	title = {Predicting Lattice Reduction},
	volume = {4965},
	booktitle = {{EUROCRYPT} 2008},
	publisher = {Springer},
	author = {Gama, Nicolas and Nguyen, Phong Q.},
	editor = {Smart, Nigel},
	year = {2008},
	pages = {31--51},
	file = {Gama and Nguyen - 2008 - Predicting Lattice Reduction.pdf:/home/john/ntru/pdf/Gama and Nguyen - 2008 - Predicting Lattice Reduction.pdf:application/pdf}
},
@inproceedings{DBLP:conf/ctrsa/HoffsteinHPSW03,
  author    = {Jeffrey Hoffstein and
               Nick Howgrave{-}Graham and
               Jill Pipher and
               Joseph H. Silverman and
               William Whyte},
  title     = {{NTRUSIGN:} Digital Signatures Using the {NTRU} Lattice},
  booktitle = {Topics in Cryptology - {CT-RSA} 2003, The Cryptographers' Track at
               the {RSA} Conference 2003, San Francisco, CA, USA, April 13-17, 2003,
               Proceedings},
  pages     = {122--140},
  year      = {2003},
  crossref  = {DBLP:conf/ctrsa/2003},
  url       = {http://dx.doi.org/10.1007/3-540-36563-X_9},
  doi       = {10.1007/3-540-36563-X_9},
  timestamp = {Tue, 05 Jul 2011 11:03:57 +0200},
  biburl    = {http://dblp.uni-trier.de/rec/bib/conf/ctrsa/HoffsteinHPSW03},
  bibsource = {dblp computer science bibliography, http://dblp.org}
},


@inproceedings{DBLP:conf/crypto/GoldreichGH97a,
  author    = {Oded Goldreich and
               Shafi Goldwasser and
               Shai Halevi},
  title     = {Public-Key Cryptosystems from Lattice Reduction Problems},
  booktitle = {Advances in Cryptology - {CRYPTO} '97, 17th Annual International Cryptology
               Conference, Santa Barbara, California, USA, August 17-21, 1997, Proceedings},
  pages     = {112--131},
  year      = {1997},
  crossref  = {DBLP:conf/crypto/1997},
  url       = {http://dx.doi.org/10.1007/BFb0052231},
  doi       = {10.1007/BFb0052231},
  timestamp = {Fri, 18 Sep 2009 11:29:41 +0200},
  biburl    = {http://dblp.uni-trier.de/rec/bib/conf/crypto/GoldreichGH97a},
  bibsource = {dblp computer science bibliography, http://dblp.org}
},

@incollection{GLP12,
	series = {{LNCS}},
	title = {Practical Lattice-Based Cryptography: A Signature Scheme for Embedded Systems},
	shorttitle = {Practical Lattice-Based Cryptography},
	volume = {7428},
	booktitle = {{CHES} 2012},
	publisher = {Springer},
	author = {G\"uneysu, Tim and Lyubashevsky, Vadim and P\"oppelmann, Thomas},
	editor = {Prouff, Emmanuel and Schaumont, Patrick},
	year = {2012},
	pages = {530--547}
},
@article{DBLP:journals/joc/NguyenR09,
  author    = {Phong Q. Nguyen and
               Oded Regev},
  title     = {Learning a Parallelepiped: Cryptanalysis of {GGH} and {NTRU} Signatures},
  journal   = {J. Cryptology},
  volume    = {22},
  number    = {2},
  pages     = {139--160},
  year      = {2009},
  url       = {http://dx.doi.org/10.1007/s00145-008-9031-0},
  doi       = {10.1007/s00145-008-9031-0},
  timestamp = {Tue, 12 May 2009 15:14:14 +0200},
  biburl    = {http://dblp.uni-trier.de/rec/bib/journals/joc/NguyenR09},
  bibsource = {dblp computer science bibliography, http://dblp.org}
},
@inproceedings{DBLP:conf/asiacrypt/DucasN12a,
  author    = {L{\'{e}}o Ducas and
               Phong Q. Nguyen},
  title     = {Learning a Zonotope and More: Cryptanalysis of NTRUSign Countermeasures},
  booktitle = {Advances in Cryptology - {ASIACRYPT} 2012 - 18th International Conference
               on the Theory and Application of Cryptology and Information Security,
               Beijing, China, December 2-6, 2012. Proceedings},
  pages     = {433--450},
  year      = {2012},
  crossref  = {DBLP:conf/asiacrypt/2012},
  url       = {http://dx.doi.org/10.1007/978-3-642-34961-4_27},
  doi       = {10.1007/978-3-642-34961-4_27},
  timestamp = {Tue, 20 Nov 2012 14:23:13 +0100},
  biburl    = {http://dblp.uni-trier.de/rec/bib/conf/asiacrypt/DucasN12a},
  bibsource = {dblp computer science bibliography, http://dblp.org}
},
@incollection{lyu09,
	title = {Fiat-shamir with aborts: Applications to lattice and factoring-based signatures},
	booktitle = {{ASIACRYPT} 2009},
	publisher = {Springer},
	author = {Lyubashevsky, Vadim},
	year = {2009},
	pages = {598--616}
},

@incollection{PASS_II,
	series = {Progress in Computer Science and Applied Logic},
	title = {Polynomial Rings and Efficient Public Key Authentication {II}},
	volume = {20},
	booktitle = {Cryptography and Computational Number Theory},
	publisher = {Birkh\"auser},
	author = {Hoffstein, Jeffrey and Silverman, Joseph H.},
	editor = {Lam, Kwok-Yan and Shparlinski, Igor and Wang, Huaxiong and Xing, Chaoping},
	year = {2001},
	pages = {269--286}
},

@incollection{BKZ2,
	title = {{BKZ} 2.0: Better Lattice Security Estimates},
	booktitle = {{ASIACRYPT} 2011},
	publisher = {Springer},
	author = {Chen, Yuanmi and Nguyen, Phong Q},
	year = {2011},
	pages = {1--20},
	file = {Chen and Nguyen - 2011 - BKZ 2.0 better lattice security estimates.pdf:/home/john/ntru/pdf/Chen and Nguyen - 2011 - BKZ 2.0 better lattice security estimates.pdf:application/pdf}
},

@inproceedings{GPV08,
	series = {{STOC} 2008},
	title = {Trapdoors for hard lattices and new cryptographic constructions},
	booktitle = {Proceedings of the 40th annual {ACM} symposium on theory of computing},
	publisher = {{ACM}},
	author = {Gentry, Craig and Peikert, Chris and Vaikuntanathan, Vinod},
	year = {2008},
	pages = {197--206}
},

@article{CRT06,
	title = {Robust uncertainty principles: exact signal reconstruction from highly incomplete frequency information},
	volume = {52},
	issn = {0018-9448},
	shorttitle = {Robust uncertainty principles},
	doi = {10.1109/TIT.2005.862083},
	number = {2},
	journal = {{IEEE} Transactions on Information Theory},
	author = {Candes, {E.J.} and Romberg, J. and Tao, T.},
	year = {2006},
	pages = {489--509}
},

@incollection{DDLL13,
	series = {{LNCS}},
	title = {Lattice Signatures and Bimodal Gaussians},
	volume = {8042},
	booktitle = {{CRYPTO} 2013},
	publisher = {Springer},
	author = {Ducas, L\'{e}o and Durmus, Alain and Lepoint, Tancr\`{e}de and Lyubashevsky, Vadim},
	editor = {Canetti, Ran and Garay, Juan A.},
	year = {2013},
	pages = {40--56}
}

@incollection{lyu12,
	series = {{LNCS}},
	title = {Lattice Signatures without Trapdoors},
	volume = {7237},
	booktitle = {{EUROCRYPT} 2012},
	publisher = {Springer},
	author = {Lyubashevsky, Vadim},
	editor = {Pointcheval, David and Johansson, Thomas},
	year = {2012},
	pages = {738--755}
},

@incollection{GS02,
	series = {{LNCS}},
	title = {Cryptanalysis of the Revised {NTRU} Signature Scheme},
	volume = {2332},
	booktitle = {{EUROCRYPT} 2002},
	publisher = {Springer},
	author = {Gentry, Craig and Szydlo, Mike},
	editor = {Knudsen, Lars R.},
	year = {2002},
	pages = {299--320}
},

@incollection{lyu08,
	series = {{LNCS}},
	title = {Lattice-Based Identification Schemes Secure Under Active Attacks},
	volume = {4939},
	booktitle = {{PKC} 2008},
	publisher = {Springer},
	author = {Lyubashevsky, Vadim},
	editor = {Cramer, Ronald},
	year = {2008},
	pages = {162--179},
	file = {Lyubashevsky - 2008 - Lattice-Based Identification Schemes Secure Under .pdf:/home/john/ntru/pdf/PASS/Lyubashevsky - 2008 - Lattice-Based Identification Schemes Secure Under .pdf:application/pdf}
},

@misc{HKLS00,
	title = {Secure user identification based on constrained polynomials},
	nationality = {United States},
	assignee = {{RSA} Security Inc.},
	number = {6076163},
	author = {Hoffstein, Jeffrey and Kaliski, Burton S. Jr. and Lieman, Daniel Bennett and Robshaw, Matthew John Barton and Yin, Yiqun Lisa},
	year = {2000},
	note = {{U.S.} Classification: 713/168; 380/28; 380/30; 713/170; 713/176
International Classification: {H04L}  932; {H04L}  928; {H04L}  930}
}

@incollection{nguyen99,
	series = {{LNCS}},
	title = {Cryptanalysis of the {G}oldreich-{G}oldwasser-{H}alevi Cryptosystem from {CRYPTO}’97},
	volume = {1666},
	booktitle = {{CRYPTO} 1999},
	publisher = {Springer},
	author = {Nguyen, Phong},
	editor = {Wiener, Michael},
	year = {1999},
	pages = {288--304}
}

@inproceedings{GOPS13,
  author        = {Tim G\"uneysu and Tobias Oder and Thomas P\"oppelmann and Peter Schwabe},
  title         = {Software speed records for lattice-based signatures},
  booktitle     = {Post-Quantum Cryptography},
  series        = {{LNCS}},
  volume        = {7932},
  publisher     = {Springer},
  year          = {2013},
  pages         = {67--82},
}

@incollection{MR09,
	title = {Lattice-based Cryptography},
	booktitle = {Post-Quantum Cryptography},
	publisher = {Springer},
	author = {Micciancio, Daniele and Regev, Oded},
	editor = {Bernstein, Daniel J. and Buchmann, Johannes and Dahmen, Erik},
	year = {2009},
	pages = {147--191}
}

@inproceedings{GNR10,
	series = {{LNCS}},
	title = {Lattice enumeration using extreme pruning},
	booktitle = {{EUROCRYPT 2010}},
	volume = {6110},
	publisher = {Springer},
	author = {Gama, Nicolas and Nguyen, Phong Q. and Regev, Oded},
	year = {2010},
	pages = {257--278}
}

@incollection{HPS11,
	series = {{LNCS}},
	title = {Analyzing Blockwise Lattice Algorithms Using Dynamical Systems},
	volume = {6841},
	booktitle = {{CRYPTO} 2011},
	publisher = {Springer},
	author = {Hanrot, Guillaume and Pujol, Xavier and Stehl\'{e}, Damien},
	editor = {Rogaway, Phillip},
	year = {2011},
	pages = {447--464}
}

@incollection{SB10,
  series = {{LNI}},
  title = {Extended lattice reduction experiments using the {BKZ} algorithm},
  volume = {170},
  booktitle = {Sicherheit},
  publisher = {Gesellschaft f\"ur Informatik},
  author = {Schneider, Michael and Buchmann, Johannes},
  year = {2010},
  pages = {241--252}
}

@incollection{LM06,
	series = {{LNCS}},
	title = {Generalized Compact Knapsacks Are Collision Resistant},
	volume = {4052},
	booktitle = {Automata, Languages and Programming},
	publisher = {Springer},
	author = {Lyubashevsky, Vadim and Micciancio, Daniele},
	editor = {Bugliesi, Michele and Preneel, Bart and Sassone, Vladimiro and Wegener, Ingo},
	year = {2006},
	pages = {144--155}
}

@incollection{PR06,
	series = {{LNCS}},
	title = {Efficient Collision-Resistant Hashing from Worst-Case Assumptions on Cyclic Lattices},
	volume = {3876},
	booktitle = {Theory of Cryptography},
	publisher = {Springer},
	author = {Peikert, Chris and Rosen, Alon},
	editor = {Halevi, Shai and Rabin, Tal},
	year = {2006},
	pages = {145--166}
}
@misc{cryptoeprint:2014:457,
    author = {Jeff Hoffstein and Jill Pipher and John M. Schanck and Joseph H. Silverman and William Whyte},
    title = {Transcript Secure Signatures Based on Modular Lattices},
    howpublished = {Cryptology ePrint Archive, Report 2014/457},
    year = {2014},
    note = {\url{http://eprint.iacr.org/}},
}
@article{DBLP:journals/iacr/ZhangZDS14,
  author    = {Jiang Zhang and
               Zhenfeng Zhang and
               Jintai Ding and
               Michael Snook},
  title     = {Authenticated Key Exchange from Ideal Lattices},
  journal   = {{IACR} Cryptology ePrint Archive},
  volume    = {2014},
  pages     = {589},
  year      = {2014},
  url       = {http://eprint.iacr.org/2014/589},
  timestamp = {Thu, 14 Aug 2014 14:28:26 +0200},
  biburl    = {http://dblp.uni-trier.de/rec/bib/journals/iacr/ZhangZDS14},
  bibsource = {dblp computer science bibliography, http://dblp.org}
}

@article{DBLP:journals/siamcomp/MicciancioR07,
  author    = {Daniele Micciancio and
               Oded Regev},
  title     = {Worst-Case to Average-Case Reductions Based on Gaussian Measures},
  journal   = {{SIAM} J. Comput.},
  volume    = {37},
  number    = {1},
  pages     = {267--302},
  year      = {2007},
  url       = {http://dx.doi.org/10.1137/S0097539705447360},
  doi       = {10.1137/S0097539705447360},
  timestamp = {Sat, 02 Jun 2007 22:29:50 +0200},
  biburl    = {http://dblp.uni-trier.de/rec/bib/journals/siamcomp/MicciancioR07},
  bibsource = {dblp computer science bibliography, http://dblp.org}
}
@inproceedings{DBLP:conf/stoc/ImpagliazzoLL89,
  author    = {Russell Impagliazzo and
               Leonid A. Levin and
               Michael Luby},
  title     = {Pseudo-random Generation from one-way functions (Extended Abstracts)},
  booktitle = {Proceedings of the 21st Annual {ACM} Symposium on Theory of Computing,
               May 14-17, 1989, Seattle, Washigton, {USA}},
  pages     = {12--24},
  year      = {1989},
  crossref  = {DBLP:conf/stoc/STOC21},
  url       = {http://doi.acm.org/10.1145/73007.73009},
  doi       = {10.1145/73007.73009},
  timestamp = {Mon, 17 Oct 2011 17:25:06 +0200},
  biburl    = {http://dblp.uni-trier.de/rec/bib/conf/stoc/ImpagliazzoLL89},
  bibsource = {dblp computer science bibliography, http://dblp.org}
}

@misc{github,
    author = {},
    title = {{NTRU OpenSource Project}},
    howpublished = {online},
    note = "available from {\url{https://github.com/NTRUOpenSourceProject/ntru-crypto}}",
}
@inproceedings{DBLP:conf/crypto/AlwenKPW13,
  author    = {Jo{\"{e}}l Alwen and
               Stephan Krenn and
               Krzysztof Pietrzak and
               Daniel Wichs},
  title     = {Learning with Rounding, Revisited - New Reduction, Properties and
               Applications},
  booktitle = {Advances in Cryptology - {CRYPTO} 2013 - 33rd Annual Cryptology Conference,
               Santa Barbara, CA, USA, August 18-22, 2013. Proceedings, Part {I}},
  pages     = {57--74},
  year      = {2013},
  crossref  = {DBLP:conf/crypto/2013-1},
  url       = {https://doi.org/10.1007/978-3-642-40041-4_4},
  doi       = {10.1007/978-3-642-40041-4_4},
  timestamp = {Fri, 26 May 2017 00:50:21 +0200},
  biburl    = {http://dblp.uni-trier.de/rec/bib/conf/crypto/AlwenKPW13},
  bibsource = {dblp computer science bibliography, http://dblp.org}
}
@inproceedings{DBLP:conf/eurocrypt/BanerjeePR12,
  author    = {Abhishek Banerjee and
               Chris Peikert and
               Alon Rosen},
  title     = {Pseudorandom Functions and Lattices},
  booktitle = {Advances in Cryptology - {EUROCRYPT} 2012 - 31st Annual International
               Conference on the Theory and Applications of Cryptographic Techniques,
               Cambridge, UK, April 15-19, 2012. Proceedings},
  pages     = {719--737},
  year      = {2012},
  crossref  = {DBLP:conf/eurocrypt/2012},
  url       = {https://doi.org/10.1007/978-3-642-29011-4_42},
  doi       = {10.1007/978-3-642-29011-4_42},
  timestamp = {Wed, 24 May 2017 08:31:22 +0200},
  biburl    = {http://dblp.uni-trier.de/rec/bib/conf/eurocrypt/BanerjeePR12},
  bibsource = {dblp computer science bibliography, http://dblp.org}
}
@inproceedings{DBLP:conf/stoc/Regev05,
  author    = {Oded Regev},
  title     = {On lattices, learning with errors, random linear codes, and cryptography},
  booktitle = {Proceedings of the 37th Annual {ACM} Symposium on Theory of Computing,
               Baltimore, MD, USA, May 22-24, 2005},
  pages     = {84--93},
  year      = {2005},
  crossref  = {DBLP:conf/stoc/2005},
  url       = {http://doi.acm.org/10.1145/1060590.1060603},
  doi       = {10.1145/1060590.1060603},
  timestamp = {Mon, 20 Mar 2017 15:33:56 +0100},
  biburl    = {http://dblp.uni-trier.de/rec/bib/conf/stoc/Regev05},
  bibsource = {dblp computer science bibliography, http://dblp.org}
}
@inproceedings{DBLP:conf/asiacrypt/DucasLP14,
  author    = {L{\'{e}}o Ducas and
               Vadim Lyubashevsky and
               Thomas Prest},
  title     = {Efficient Identity-Based Encryption over {NTRU} Lattices},
  booktitle = {Advances in Cryptology - {ASIACRYPT} 2014 - 20th International Conference
               on the Theory and Application of Cryptology and Information Security,
               Kaoshiung, Taiwan, R.O.C., December 7-11, 2014, Proceedings, Part
               {II}},
  pages     = {22--41},
  year      = {2014},
  crossref  = {DBLP:conf/asiacrypt/2014},
  url       = {https://doi.org/10.1007/978-3-662-45608-8_2},
  doi       = {10.1007/978-3-662-45608-8_2},
  timestamp = {Fri, 19 May 2017 01:26:33 +0200},
  biburl    = {http://dblp.uni-trier.de/rec/bib/conf/asiacrypt/DucasLP14},
  bibsource = {dblp computer science bibliography, http://dblp.org}
}

@article{DBLP:journals/iacr/DucasLLSSS17,
  author    = {L{\'{e}}o Ducas and
               Tancr{\`{e}}de Lepoint and
               Vadim Lyubashevsky and
               Peter Schwabe and
               Gregor Seiler and
               Damien Stehl{\'{e}}},
  title     = {{CRYSTALS} - Dilithium: Digital Signatures from Module Lattices},
  journal   = {{IACR} Cryptology ePrint Archive},
  volume    = {2017},
  pages     = {633},
  year      = {2017},
  url       = {http://eprint.iacr.org/2017/633},
  timestamp = {Tue, 25 Jul 2017 16:35:21 +0200},
  biburl    = {http://dblp.uni-trier.de/rec/bib/journals/iacr/DucasLLSSS17},
  bibsource = {dblp computer science bibliography, http://dblp.org}
}
@inproceedings{DBLP:conf/crypto/MicciancioP13,
  author    = {Daniele Micciancio and
               Chris Peikert},
  title     = {Hardness of {SIS} and {LWE} with Small Parameters},
  booktitle = {Advances in Cryptology - {CRYPTO} 2013 - 33rd Annual Cryptology Conference,
               Santa Barbara, CA, USA, August 18-22, 2013. Proceedings, Part {I}},
  pages     = {21--39},
  year      = {2013},
  crossref  = {DBLP:conf/crypto/2013-1},
  url       = {https://doi.org/10.1007/978-3-642-40041-4_2},
  doi       = {10.1007/978-3-642-40041-4_2},
  timestamp = {Fri, 26 May 2017 00:50:20 +0200},
  biburl    = {http://dblp.uni-trier.de/rec/bib/conf/crypto/MicciancioP13},
  bibsource = {dblp computer science bibliography, http://dblp.org}
}

@inproceedings{DBLP:conf/pqcrypto/Peikert14,
  author    = {Chris Peikert},
  title     = {Lattice Cryptography for the Internet},
  booktitle = {Post-Quantum Cryptography - 6th International Workshop, PQCrypto 2014,
               Waterloo, ON, Canada, October 1-3, 2014. Proceedings},
  pages     = {197--219},
  year      = {2014},
  crossref  = {DBLP:conf/pqcrypto/2014},
  url       = {https://doi.org/10.1007/978-3-319-11659-4_12},
  doi       = {10.1007/978-3-319-11659-4_12},
  timestamp = {Fri, 26 May 2017 00:51:40 +0200},
  biburl    = {http://dblp.uni-trier.de/rec/bib/conf/pqcrypto/Peikert14},
  bibsource = {dblp computer science bibliography, http://dblp.org}
}
@inproceedings{DBLP:conf/uss/AlkimDPS16,
  author    = {Erdem Alkim and
               L{\'{e}}o Ducas and
               Thomas P{\"{o}}ppelmann and
               Peter Schwabe},
  title     = {Post-quantum Key Exchange - {A} New Hope},
  booktitle = {25th {USENIX} Security Symposium, {USENIX} Security 16, Austin, TX,
               USA, August 10-12, 2016.},
  pages     = {327--343},
  year      = {2016},
  crossref  = {DBLP:conf/uss/2016},
  url       = {https://www.usenix.org/conference/usenixsecurity16/technical-sessions/presentation/alkim},
  timestamp = {Mon, 05 Sep 2016 15:43:05 +0200},
  biburl    = {http://dblp.uni-trier.de/rec/bib/conf/uss/AlkimDPS16},
  bibsource = {dblp computer science bibliography, http://dblp.org}
}
@article{DBLP:journals/iacr/Ding12a,
  author    = {Jintai Ding},
  title     = {A Simple Provably Secure Key Exchange Scheme Based on the Learning
               with Errors Problem},
  journal   = {{IACR} Cryptology ePrint Archive},
  volume    = {2012},
  pages     = {688},
  year      = {2012},
  url       = {http://eprint.iacr.org/2012/688},
  timestamp = {Thu, 08 Jun 2017 14:26:38 +0200},
  biburl    = {http://dblp.org/rec/bib/journals/iacr/Ding12a},
  bibsource = {dblp computer science bibliography, http://dblp.org}
}

@misc{cryptoeprint:2017:995,
    author = {Jeffrey Hoffstein and Jill Pipher and William Whyte and Zhenfei Zhang},
    title = {A signature scheme from Learning with Truncation},
    howpublished = {Cryptology ePrint Archive, Report 2017/995},
    year = {2017},
    note = {\url{http://eprint.iacr.org/2017/995}},
}
@inproceedings{DBLP:conf/ches/BruinderinkHLY16,
  author    = {Leon Groot Bruinderink and
               Andreas H{\"{u}}lsing and
               Tanja Lange and
               Yuval Yarom},
  title     = {Flush, Gauss, and Reload - {A} Cache Attack on the {BLISS} Lattice-Based
               Signature Scheme},
  booktitle = {Cryptographic Hardware and Embedded Systems - {CHES} 2016 - 18th International
               Conference, Santa Barbara, CA, USA, August 17-19, 2016, Proceedings},
  pages     = {323--345},
  year      = {2016},
  crossref  = {DBLP:conf/ches/2016},
  url       = {https://doi.org/10.1007/978-3-662-53140-2_16},
  doi       = {10.1007/978-3-662-53140-2_16},
  timestamp = {Mon, 25 Sep 2017 10:36:35 +0200},
  biburl    = {http://dblp.org/rec/bib/conf/ches/BruinderinkHLY16},
  bibsource = {dblp computer science bibliography, http://dblp.org}
}
@inproceedings{DBLP:conf/ctrsa/HoffsteinPSSWZ17,
  author    = {Jeffrey Hoffstein and
               Jill Pipher and
               John M. Schanck and
               Joseph H. Silverman and
               William Whyte and
               Zhenfei Zhang},
  title     = {Choosing Parameters for NTRUEncrypt},
  booktitle = {Topics in Cryptology - {CT-RSA} 2017 - The Cryptographers' Track at
               the {RSA} Conference 2017, San Francisco, CA, USA, February 14-17,
               2017, Proceedings},
  pages     = {3--18},
  year      = {2017},
  crossref  = {DBLP:conf/ctrsa/2017},
  url       = {https://doi.org/10.1007/978-3-319-52153-4_1},
  doi       = {10.1007/978-3-319-52153-4_1},
  timestamp = {Sun, 21 May 2017 00:20:20 +0200},
  biburl    = {http://dblp.uni-trier.de/rec/bib/conf/ctrsa/HoffsteinPSSWZ17},
  bibsource = {dblp computer science bibliography, http://dblp.org}
}

@inproceedings{DBLP:conf/ieeehpcs/DaiSSWZ16,
  author    = {Wei Dai and
               Berk Sunar and
               John M. Schanck and
               William Whyte and
               Zhenfei Zhang},
  title     = {{NTRU} modular lattice signature scheme on {CUDA} GPUs},
  booktitle = {International Conference on High Performance Computing {\&} Simulation,
               {HPCS} 2016, Innsbruck, Austria, July 18-22, 2016},
  pages     = {501--508},
  year      = {2016},
  crossref  = {DBLP:conf/ieeehpcs/2016},
  url       = {https://doi.org/10.1109/HPCSim.2016.7568376},
  doi       = {10.1109/HPCSim.2016.7568376},
  timestamp = {Sun, 21 May 2017 00:20:10 +0200},
  biburl    = {http://dblp.org/rec/bib/conf/ieeehpcs/DaiSSWZ16},
  bibsource = {dblp computer science bibliography, http://dblp.org}
}

@misc{ntrutoc,
  author    = {Wei Dai and
               William Whyte and
               Zhenfei Zhang},
  title     = {Optimizing polynomial convolution for NTRUEncrypt},
 howpublished = {TBA}
}
@inproceedings{DBLP:conf/tcc/Rothblum11,
  author    = {Ron Rothblum},
  title     = {Homomorphic Encryption: From Private-Key to Public-Key},
  booktitle = {Theory of Cryptography - 8th Theory of Cryptography Conference, {TCC}
               2011, Providence, RI, USA, March 28-30, 2011. Proceedings},
  pages     = {219--234},
  year      = {2011},
  url       = {http://dx.doi.org/10.1007/978-3-642-19571-6_14},
  doi       = {10.1007/978-3-642-19571-6_14},
  timestamp = {Wed, 30 Mar 2011 13:43:54 +0200},
  biburl    = {http://dblp.uni-trier.de/rec/bib/conf/tcc/Rothblum11},
  bibsource = {dblp computer science bibliography, http://dblp.org}
}
@inproceedings{DBLP:conf/pqcrypto/HoffsteinPSSW14,
  author    = {Jeffrey Hoffstein and
               Jill Pipher and
               John M. Schanck and
               Joseph H. Silverman and
               William Whyte},
  title     = {Transcript Secure Signatures Based on Modular Lattices},
  booktitle = {Post-Quantum Cryptography - 6th International Workshop, PQCrypto 2014,
               Waterloo, ON, Canada, October 1-3, 2014. Proceedings},
  pages     = {142--159},
  year      = {2014},
  url       = {http://dx.doi.org/10.1007/978-3-319-11659-4_9},
  doi       = {10.1007/978-3-319-11659-4_9},
  timestamp = {Thu, 25 Sep 2014 13:25:45 +0200},
  biburl    = {http://dblp.uni-trier.de/rec/bib/conf/pqcrypto/HoffsteinPSSW14},
  bibsource = {dblp computer science bibliography, http://dblp.org}
}
@inproceedings{DBLP:conf/crypto/Howgrave-Graham07,
  author    = {Nick Howgrave-Graham},
  title     = {A Hybrid Lattice-Reduction and Meet-in-the-Middle Attack
               Against {NTRU}},
  booktitle = {CRYPTO},
  year      = {2007},
  pages     = {150-169},
  ee        = {http://dx.doi.org/10.1007/978-3-540-74143-5_9},
  bibsource = {DBLP, http://dblp.uni-trier.de}
}

@proceedings{DBLP:conf/crypto/2007,
  editor    = {Alfred Menezes},
  title     = {Advances in Cryptology - CRYPTO 2007, 27th Annual International
               Cryptology Conference, Santa Barbara, CA, USA, August 19-23,
               2007, Proceedings},
  booktitle = {CRYPTO},
  publisher = {Springer},
  series    = {Lecture Notes in Computer Science},
  volume    = {4622},
  year      = {2007},
  isbn      = {978-3-540-74142-8},
  bibsource = {DBLP, http://dblp.uni-trier.de}
}
@ARTICLE{IEEE_fp,
journal={IEEE Std 754-2008},
title={{IEEE} Standard for Floating-Point Arithmetic},
year={2008},
month={Aug},
pages={1-70},
keywords={IEEE standards;floating point arithmetic;programming;IEEE standard;arithmetic formats;computer programming;decimal floating-point arithmetic;754-2008;NaN;arithmetic;binary;computer;decimal;exponent;floating-point;format;interchange;number;rounding;significand;subnormal},
doi={10.1109/IEEESTD.2008.4610935},}
@incollection{BLISS,
year={2013},
isbn={978-3-642-40040-7},
booktitle={Advances in Cryptology – CRYPTO 2013},
volume={8042},
series={Lecture Notes in Computer Science},
editor={Canetti, Ran and Garay, JuanA.},
doi={10.1007/978-3-642-40041-4_3},
title={Lattice Signatures and Bimodal Gaussians},
url={http://dx.doi.org/10.1007/978-3-642-40041-4_3},
publisher={Springer Berlin Heidelberg},
author={Ducas, Léo and Durmus, Alain and Lepoint, Tancrède and Lyubashevsky, Vadim},
pages={40-56},
language={English}
}

@BOOK{Lovasz86,
  title = {An Algorithmic Theory of Numbers, Graphs and Convexity},
  publisher = {SIAM Publications},
  year = {1986},
  author = {L. {Lov\'asz}},
  volume = {50},
  series = {{CBMS}-{NSF} Regional Conference Series in Applied Mathematics},
  keywords = {Lattice Theory}
}


@BOOK{IrelandRosen,
  title = {A {C}lassical {I}ntroduction to {M}odern {N}umber {T}heory},
  publisher = {Springer-Verlag},
  year = {1990},
  author = {K. Ireland and M. Rosen}
}
@article{ProbPrime,
        author={Nymann,J. E.},
        year={1975},
        title={On the probability that k positive integers are relatively prime II},
        journal={Journal of Number Theory},
        volume={7},
        number={4},
        pages={406-412},
}

@misc{CantorZassenhaus,
    author = {Wikipedia, The Free Encyclopedia,},
    title = {The Cantor-Zassenhaus algorithm},
    year = {2015},
    note = {\url{https://en.wikipedia.org/wiki/Cantor-Zassenhaus_algorithm},},
}
@misc{cryptoeprint:2011:567,
    author = {Moon Sung Lee},
    title = {On the sparse subset sum problem from {Gentry-Halevi}'s implementation of fully homomorphic encryption},
    howpublished = {Cryptology ePrint Archive, Report 2011/567},
    year = {2011},
    note = {\url{http://eprint.iacr.org/}},
}
@inproceedings{DBLP:conf/eurocrypt/Coppersmith96a,
  author    = {Don Coppersmith},
  title     = {Finding a Small Root of a Bivariate Integer Equation; Factoring
               with High Bits Known},
  booktitle = {EUROCRYPT},
  year      = {1996},
  pages     = {178-189},
  ee        = {http://dx.doi.org/10.1007/3-540-68339-9_16},
  bibsource = {DBLP, http://dblp.uni-trier.de}
}
@inproceedings{DBLP:conf/eurocrypt/Coppersmith96,
  author    = {Don Coppersmith},
  title     = {Finding a Small Root of a Univariate Modular Equation},
  booktitle = {EUROCRYPT},
  year      = {1996},
  pages     = {155-165},
  ee        = {http://dx.doi.org/10.1007/3-540-68339-9_14},
  bibsource = {DBLP, http://dblp.uni-trier.de}
}

@misc{mpfr_lib,
    title = {{mpfr library}},
    howpublished = {online},
	type = {C++ library},	
	edition = {mpfr-3.1.2},
    note = {\url{http://www.mpfr.org/}},
}
@inproceedings{cryptoeprint:2010:560,
    author = {J. Loftus and A. May and  N.P. Smart and F. Vercauteren},
    title = {On {CCA-Secure} Fully Homomorphic Encryption},

     booktitle = {Selected Areas in Cryptography},
  year      = {2011},

}
   @article{ecc1987,
     jstor_articletype = {research-article},
     title = {Elliptic Curve Cryptosystems},
     author = {Koblitz, Neal},
     journal = {Mathematics of Computation},
     jstor_issuetitle = {},
     volume = {48},
     number = {177},
     jstor_formatteddate = {Jan., 1987},
     pages = {pp. 203-209},
     url = {http://www.jstor.org/stable/2007884},
     ISSN = {00255718},
     abstract = {We discuss analogs based on elliptic curves over finite fields of public key cryptosystems which use the multiplicative group of a finite field. These elliptic curve cryptosystems may be more secure, because the analog of the discrete logarithm problem on elliptic curves is likely to be harder than the classical discrete logarithm problem, especially over $\operatorname{GF}(2^n)$. We discuss the question of primitive points on an elliptic curve modulo $p$, and give a theorem on nonsmoothness of the order of the cyclic subgroup generated by a global point.},
     language = {English},
     year = {1987},
     publisher = {American Mathematical Society},
     copyright = {Copyright © 1987 American Mathematical Society},
    }
@article{DBLP:journals/cc/CosterJLOSS92,
  author    = {Matthijs J. Coster and
               Antoine Joux and
               Brian A. LaMacchia and
               Andrew M. Odlyzko and
               Claus-Peter Schnorr and
               Jacques Stern},
  title     = {Improved Low-Density Subset Sum Algorithms},
  journal   = {Computational Complexity},
  volume    = {2},
  year      = {1992},
  pages     = {111-128},
  ee        = {http://dx.doi.org/10.1007/BF01201999},
  bibsource = {DBLP, http://dblp.uni-trier.de}
}

@article{DBLP:journals/mp/SchnorrE941,
  author    = {Claus-Peter Schnorr and
               M. Euchner},
  title     = {Lattice basis reduction: Improved practical algorithms and
               solving subset sum problems},
  journal   = {Math. Program.},
  volume    = {66},
  year      = {1994},
  pages     = {181-199},
  ee        = {http://dx.doi.org/10.1007/BF01581144},
  bibsource = {DBLP, http://dblp.uni-trier.de}
}
@inproceedings{DBLP:conf/ants/Shor94,
  author    = {Peter W. Shor},
  title     = {Polynominal time algorithms for discrete logarithms and
               factoring on a quantum computer},
  booktitle = {ANTS},
  year      = {1994},
  pages     = {289},
  bibsource = {DBLP, http://dblp.uni-trier.de}
}

@inproceedings{DBLP:conf/ants/HoffsteinPS98,
  author    = {Jeffrey Hoffstein and
               Jill Pipher and
               Joseph H. Silverman},
  title     = {{NTRU}: A Ring-Based Public Key Cryptosystem},
  booktitle = {ANTS},
  year      = {1998},
  pages     = {267-288},
  ee        = {http://dx.doi.org/10.1007/BFb0054868},
  bibsource = {DBLP, http://dblp.uni-trier.de}
}
@inproceedings{DBLP:conf/ctrsa/Howgrave-GrahamSW05,
  author    = {Nick Howgrave{-}Graham and
               Joseph H. Silverman and
               William Whyte},
  title     = {Choosing Parameter Sets for NTRUEncrypt with NAEP and SVES-3},
  booktitle = {Topics in Cryptology - {CT-RSA} 2005, The Cryptographers' Track at
               the {RSA} Conference 2005, San Francisco, CA, USA, February 14-18,
               2005, Proceedings},
  year      = {2005},
  pages     = {118--135},
  url       = {http://dx.doi.org/10.1007/978-3-540-30574-3_10},
  doi       = {10.1007/978-3-540-30574-3_10},
  timestamp = {Fri, 24 Oct 2014 17:39:11 +0200},
  biburl    = {http://dblp.uni-trier.de/rec/bib/conf/ctrsa/Howgrave-GrahamSW05},
  bibsource = {dblp computer science bibliography, http://dblp.org}
}
@inproceedings{DBLP:conf/acns/HirschhornHHW09,
  author    = {Philip S. Hirschhorn and
               Jeffrey Hoffstein and
               Nick Howgrave{-}Graham and
               William Whyte},
  title     = {Choosing {NTRUEncrypt} Parameters in Light of Combined Lattice Reduction
               and {MITM} Approaches},
  booktitle = {Applied Cryptography and Network Security, 7th International Conference,
               {ACNS} 2009, Paris-Rocquencourt, France, June 2-5, 2009. Proceedings},
  year      = {2009},
  pages     = {437--455},
  url       = {http://dx.doi.org/10.1007/978-3-642-01957-9_27},
  doi       = {10.1007/978-3-642-01957-9_27},
  timestamp = {Fri, 24 Oct 2014 17:38:37 +0200},
  biburl    = {http://dblp.uni-trier.de/rec/bib/conf/acns/HirschhornHHW09},
  bibsource = {dblp computer science bibliography, http://dblp.org}
}
@inproceedings{DBLP:conf/eurocrypt/CoppersmithS97,
  author    = {Don Coppersmith and
               Adi Shamir},
  title     = {Lattice Attacks on {NTRU}},
  booktitle = {EUROCRYPT},
  year      = {1997},
  pages     = {52-61},
  ee        = {http://dx.doi.org/10.1007/3-540-69053-0_5},
  bibsource = {DBLP, http://dblp.uni-trier.de}
}

@misc{cryptoeprint:2010:305,
    author = {Marten van Dijk and Ari Juels},
    title = {On the Impossibility of Cryptography Alone for Privacy-Preserving Cloud Computing},
    howpublished = {Cryptology ePrint Archive, Report 2010/305},
    year = {2010},
    note = {\url{http://eprint.iacr.org/}},
}
@inproceedings{DBLP:conf/eurocrypt/CoronNT12,
  author    = {Jean-S{\'e}bastien Coron and
               David Naccache and
               Mehdi Tibouchi},
  title     = {Public Key Compression and Modulus Switching for Fully Homomorphic
               Encryption over the Integers},
  booktitle = {EUROCRYPT},
  year      = {2012},
  pages     = {446-464},
  ee        = {http://dx.doi.org/10.1007/978-3-642-29011-4_27},
  bibsource = {DBLP, http://dblp.uni-trier.de}
}

@inproceedings{goldmayer91,
  author    = {Daniel Goldstein and Andrew Mayer},
  title     = {On the equidistribution of Hecke points},
  booktitle = {Forum Mathematicum.},
  volume    =	{15},
 issue = {2},

  year      = {2006},
  pages     = {165-189},
}
@article{DBLP:journals/cc/Micciancio07,
  author    = {Daniele Micciancio},
  title     = {Generalized Compact Knapsacks, Cyclic Lattices, and Efficient
               One-Way Functions},
  journal   = {Computational Complexity},
  volume    = {16},
  number    = {4},
  year      = {2007},
  pages     = {365-411},
  ee        = {http://dx.doi.org/10.1007/s00037-007-0234-9},
  bibsource = {DBLP, http://dblp.uni-trier.de}
}
@book{Nguyen:2009:LAS:1721900,
 author = {Nguyen, Phong Q. and Vall{\'e}e, Brigitte},
 title = {The LLL Algorithm: Survey and Applications},
 year = {2009},
 isbn = {3642022944, 9783642022944},
 edition = {1st},
 publisher = {Springer Publishing Company, Incorporated},
}
@article{knapsacksurvey,
  author    = {Ming Kin Lai},
  title     = {Knapsack Cryptosystems: The Past and the Future},
  year      = {2001},
  ee        = {http://www.ics.uci.edu/~mingl/knapsack.html},

}
@inproceedings{DBLP:conf/coco/Karp72,
  author    = {Richard M. Karp},
  title     = {Reducibility Among Combinatorial Problems},
  booktitle = {Complexity of Computer Computations},
  year      = {1972},
  pages     = {85-103},
  ee        = {http://www.cs.berkeley.edu/$\sim$luca/cs172/karp.pdf},
  bibsource = {DBLP, http://dblp.uni-trier.de}
}
@article{DBLP:journals/jacm/LagariasO85,
  author    = {J. C. Lagarias and
               Andrew M. Odlyzko},
  title     = {Solving Low-Density Subset Sum Problems},
  journal   = {J. ACM},
  volume    = {32},
  number    = {1},
  year      = {1985},
  pages     = {229-246},
  ee        = {http://doi.acm.org/10.1145/2455.2461},
  bibsource = {DBLP, http://dblp.uni-trier.de}
}

@inproceedings{DBLP:conf/ima/SchollS11,
  author    = {Peter Scholl and
               Nigel P. Smart},
  title     = {Improved Key Generation for Gentry's Fully Homomorphic Encryption
               Scheme},
  booktitle = {IMA Int. Conf.},
  year      = {2011},
  pages     = {10-22},
  ee        = {http://dx.doi.org/10.1007/978-3-642-25516-8_2},
  bibsource = {DBLP, http://dblp.uni-trier.de}
}
@incollection{BCJ11,
year={2011},
isbn={978-3-642-20464-7},
booktitle={Advances in Cryptology – EUROCRYPT 2011},
volume={6632},
series={Lecture Notes in Computer Science},
editor={Paterson, KennethG.},
doi={10.1007/978-3-642-20465-4_21},
title={Improved Generic Algorithms for Hard Knapsacks},
url={http://dx.doi.org/10.1007/978-3-642-20465-4_21},
publisher={Springer Berlin Heidelberg},
author={Becker, Anja and Coron, Jean-Sébastien and Joux, Antoine},
pages={364-385},
language={English}
}
@incollection{HJ10,
year={2010},
isbn={978-3-642-13189-9},
booktitle={Advances in Cryptology – EUROCRYPT 2010},
volume={6110},
series={Lecture Notes in Computer Science},
editor={Gilbert, Henri},
doi={10.1007/978-3-642-13190-5_12},
title={New Generic Algorithms for Hard Knapsacks},
url={http://dx.doi.org/10.1007/978-3-642-13190-5_12},
publisher={Springer Berlin Heidelberg},
author={Howgrave-Graham, Nick and Joux, Antoine},
pages={235-256},
language={English}
}
@inproceedings{DBLP:conf/crypto/Nguyen99,
  author    = {Phong Q. Nguyen},
  title     = {Cryptanalysis of the {G}oldreich-{G}oldwasser-{H}alevi Cryptosystem
               from Crypto '97},
  booktitle = {CRYPTO},
  year      = {1999},
  pages     = {288-304},
  ee        = {http://dx.doi.org/10.1007/3-540-48405-1_18},
  bibsource = {DBLP, http://dblp.uni-trier.de}
}
@inproceedings{DBLP:conf/asiacrypt/ChenN11,
  author    = {Yuanmi Chen and
               Phong Q. Nguyen},
  title     = {{BKZ} 2.0: Better Lattice Security Estimates},
  booktitle = {ASIACRYPT},
  year      = {2011},
  pages     = {1-20},
  ee        = {http://dx.doi.org/10.1007/978-3-642-25385-0_1},
  bibsource = {DBLP, http://dblp.uni-trier.de}
}
@inproceedings{DBLP:conf/eurocrypt/ChenN12,
  author    = {Yuanmi Chen and
               Phong Q. Nguyen},
  title     = {Faster Algorithms for Approximate Common Divisors: Breaking
               Fully-Homomorphic-Encryption Challenges over the Integers},
  booktitle = {EUROCRYPT},
  year      = {2012},
  pages     = {502-519},
  ee        = {http://dx.doi.org/10.1007/978-3-642-29011-4_30},
  bibsource = {DBLP, http://dblp.uni-trier.de}
}


@inproceedings{DBLP:conf/codcry/HanrotPS11,
  author    = {Guillaume Hanrot and
               Xavier Pujol and
               Damien Stehl{\'e}},
  title     = {Algorithms for the Shortest and Closest Lattice Vector Problems},
  booktitle = {IWCC},
  year      = {2011},
  pages     = {159-190},
  ee        = {http://dx.doi.org/10.1007/978-3-642-20901-7_10},
  bibsource = {DBLP, http://dblp.uni-trier.de}
}


@article{DBLP:journals/jal/Schnorr88,
  author    = {Claus-Peter Schnorr},
  title     = {A More Efficient Algorithm for Lattice Basis Reduction},
  journal   = {J. Algorithms},
  volume    = {9},
  number    = {1},
  year      = {1988},
  pages     = {47-62},
  ee        = {http://dx.doi.org/10.1016/0196-6774(88)90004-1},
  bibsource = {DBLP, http://dblp.uni-trier.de}
}

@inproceedings{DBLP:conf/asiacrypt/NguyenS05,
  author    = {Phong Q. Nguyen and
               Jacques Stern},
  title     = {Adapting Density Attacks to Low-Weight Knapsacks},
  booktitle = {ASIACRYPT},
  year      = {2005},
  pages     = {41-58},
  ee        = {http://dx.doi.org/10.1007/11593447_3},
  bibsource = {DBLP, http://dblp.uni-trier.de}
}
@article{DBLP:journals/iacr/HanrotPS11,
  author    = {Guillaume Hanrot and
               Xavier Pujol and
               Damien Stehl{\'e}},
  title     = {Terminating BKZ},
  journal   = {IACR Cryptology ePrint Archive},
  volume    = {2011},
  year      = {2011},
  pages     = {198},
  ee        = {http://eprint.iacr.org/2011/198},
  bibsource = {DBLP, http://dblp.uni-trier.de}
}
@inproceedings{DBLP:conf/tcc/LyubashevskyM08,
  author    = {Vadim Lyubashevsky and
               Daniele Micciancio},
  title     = {Asymptotically Efficient Lattice-Based Digital Signatures},
  booktitle = {TCC},
  year      = {2008},
  pages     = {37-54},
  ee        = {http://dx.doi.org/10.1007/978-3-540-78524-8_3},
  bibsource = {DBLP, http://dblp.uni-trier.de}
}


@BOOK{Minkowski1896,
  title = {Geometrie der Zahlen},
  publisher = {B. G. Teubner},
  year = {1896},
  author = {H. Minkowski},
  address = {Leipzig},
  keywords = {Lattice Theory}
}
@ARTICLE{LenLenLov82,
  author = {A. K. Lenstra and H. W. Lenstra and L. {Lov\'asz}},
  title = {Factoring polynomials with rational coefficients},
  journal = {Mathematische Annalen, Springer-Verlag},
  year = {1982},
  volume = {261},
  pages = {513--534},
  keywords = {Lattice Theory, SVP, SVP 2, euclidian norm, {LLL}}
}

@inproceedings{DBLP:conf/stoc/Gentry09,
  author    = {Craig Gentry},
  title     = {Fully homomorphic encryption using ideal lattices},
  booktitle = {STOC},
  year      = {2009},
  pages     = {169-178},
  ee        = {http://doi.acm.org/10.1145/1536414.1536440},
  bibsource = {DBLP, http://dblp.uni-trier.de}
}
@inproceedings{DBLP:conf/crypto/Wagner02,
  author    = {David Wagner},
  title     = {A Generalized Birthday Problem},
  booktitle = {Advances in Cryptology - {CRYPTO} 2002, 22nd Annual International
               Cryptology Conference, Santa Barbara, California, USA, August 18-22,
               2002, Proceedings},
  year      = {2002},
  pages     = {288--303},
  url       = {http://dx.doi.org/10.1007/3-540-45708-9_19},
  doi       = {10.1007/3-540-45708-9_19},
  timestamp = {Tue, 28 Oct 2014 16:05:20 +0100},
  biburl    = {http://dblp.uni-trier.de/rec/bib/conf/crypto/Wagner02},
  bibsource = {dblp computer science bibliography, http://dblp.org}
}

@BOOK{MicGol02,
  title = {Complexity of Lattice Problems, A Cryptographic Perspective},
  publisher = {Kluwer Academic Publishers},
  year = {2002},
  author = {D. Micciancio and S. Goldwasser},
  keywords = {cryptography, lattice}
}



@PhDThesis{Gentrythesis,
	school = {Stanford University},
	year = {2009},
	title = {A Fully Homomorphic Encyrption Scheme},
	month = {September},
	author = {Craig Gentry}
}
@inproceedings{DBLP:conf/pkc/SmartV10,
  author    = {Nigel P. Smart and
               Frederik Vercauteren},
  title     = {Fully Homomorphic Encryption with Relatively Small Key and
               Ciphertext Sizes},
  booktitle = {Public Key Cryptography},
  year      = {2010},
  pages     = {420-443},
  ee        = {http://dx.doi.org/10.1007/978-3-642-13013-7_25},
  bibsource = {DBLP, http://dblp.uni-trier.de}
}


@inproceedings{DBLP:conf/eurocrypt/DGHV10,
  author    = {Marten van Dijk and
               Craig Gentry and
               Shai Halevi and
               Vinod Vaikuntanathan},
  title     = {Fully Homomorphic Encryption over the Integers},
  booktitle = {EUROCRYPT},
  year      = {2010},
  pages     = {24-43},
  ee        = {http://dx.doi.org/10.1007/978-3-642-13190-5_2},
  bibsource = {DBLP, http://dblp.uni-trier.de}
}


@article{DBLP:journals/cacm/RivestSA78,
  author    = {Ronald L. Rivest and
               Adi Shamir and
               Leonard M. Adleman},
  title     = {A Method for Obtaining Digital Signatures and Public-Key
               Cryptosystems},
  journal   = {Commun. ACM},
  volume    = {21},
  number    = {2},
  year      = {1978},
  pages     = {120-126},
  bibsource = {DBLP, http://dblp.uni-trier.de}
}
@inproceedings{RivestAD78,
    author = {Rivest, R. and Adleman, L. and Dertouzos, M.},
    booktitle = {Foundations of Secure Computation},
    pages = {169--177},
    publisher = {Academic Press},
    title = {On data banks and privacy homomorphisms},
    year = {1978}
}
@INPROCEEDINGS{NguSte06,
  author = {P. Q. Nguyen and D. Stehle},
  title = {{LLL} on the Average},
  booktitle = {7th International Symposium on Algorithmic Number Theory (ANTS 2006)},
  year = {2006},
  pages = {238-256},
  keywords = {Lattice Theory, {LLL}, SVP, SVP 2, euclidian norm},
  pdf = {/home/thomaspl/Keep/Pdf/NguSte06.pdf}
}
@incollection{DBLP:series/isc/Stehle10,
  author    = {Damien Stehl{\'e}},
  title     = {Floating-Point LLL: Theoretical and Practical Aspects},
  booktitle = {The LLL Algorithm},
  year      = {2010},
  pages     = {179-213},
  ee        = {http://dx.doi.org/10.1007/978-3-642-02295-1_5},
  bibsource = {DBLP, http://dblp.uni-trier.de}
}
@book{DBLP:series/isc/364202294,
  editor    = {Phong Q. Nguyen and
               Brigitte Vall{\'e}e},
  title     = {The LLL Algorithm - Survey and Applications},
  publisher = {Springer},
  series    = {Information Security and Cryptography},
  year      = {2010},
  isbn      = {978-3-642-02294-4},
  ee        = {http://dx.doi.org/10.1007/978-3-642-02295-1},
  bibsource = {DBLP, http://dblp.uni-trier.de}
}

@inproceedings{DBLP:conf/stoc/NovocinSV11,
  author    = {Andrew Novocin and
               Damien Stehl{\'e} and
               Gilles Villard},
  title     = {An {LLL}-reduction algorithm with quasi-linear time complexity:
               extended abstract},
  booktitle = {STOC},
  year      = {2011},
  pages     = {403-412},
  ee        = {http://doi.acm.org/10.1145/1993636.1993691},
  bibsource = {DBLP, http://dblp.uni-trier.de}
}


@inproceedings{DBLP:conf/calc/KoyS01a,
  author    = {Henrik Koy and
               Claus-Peter Schnorr},
  title     = {Segment {LLL}-Reduction with Floating Point Orthogonalization},
  booktitle = {CaLC},
  year      = {2001},
  pages     = {81-96},
  ee        = {http://dx.doi.org/10.1007/3-540-44670-2_8},
  bibsource = {DBLP, http://dblp.uni-trier.de}
}
@inproceedings{DBLP:conf/calc/KoyS01,
  author    = {Henrik Koy and
               Claus-Peter Schnorr},
  title     = {Segment LLL-Reduction of Lattice Bases},
  booktitle = {CaLC},
  year      = {2001},
  pages     = {67-80},
  ee        = {http://dx.doi.org/10.1007/3-540-44670-2_7},
  bibsource = {DBLP, http://dblp.uni-trier.de}
}
@article{DBLP:journals/corr/abs-1002-0739,
  author    = {Mark van Hoeij and
               Andrew Novocin},
  title     = {Gradual sub-lattice reduction and a new complexity for factoring
               polynomials},
  journal   = {CoRR},
  volume    = {abs/1002.0739},
  year      = {2010},
  ee        = {http://arxiv.org/abs/1002.0739},
  bibsource = {DBLP, http://dblp.uni-trier.de}
}


@article{DBLP:journals/iandc/Schnorr06,
  author    = {Claus-Peter Schnorr},
  title     = {Fast {LLL}-type lattice reduction},
  journal   = {Inf. Comput.},
  volume    = {204},
  number    = {1},
  year      = {2006},
  pages     = {1-25},
  ee        = {http://dx.doi.org/10.1016/j.ic.2005.04.004},
  bibsource = {DBLP, http://dblp.uni-trier.de}
}
@inproceedings{MorSteVil09,
  author    = {I. Morel and
               D. Stehle and
               G. Villard},
  title     = {H-LLL: using householder inside LLL},
  booktitle = {ISSAC},
  year      = {2009},
  pages     = {271-278},
  keywords = {Lattice Theory,cryptanlaysis, ,LBC, LLL, lattice reduction,SVP},
  pdf = {/home/thomaspl/Keep/Pdf/MorSteVil09.pdf}
}

@INPROCEEDINGS{NguSte05,
  author = {P. Q. Nguyen and D. Stehle},
  title = {Floating-Point {LLL} Revisited},
  booktitle = {Advances in Cryptology - Eurocrypt 2005, Lecture Notes in Computer
	Science 3494, Springer-Verlag},
  year = {2005},
  pages = {215-233},
  keywords = {Lattice Theory, {LLL}, SVP, SVP 2, euclidian norm, floating-point},
  pdf = {/home/thomaspl/Keep/Pdf/NguSte05.pdf}
}
@inproceedings{DBLP:conf/calc/Howgrave-Graham01,
  author    = {Nick Howgrave-Graham},
  title     = {Approximate Integer Common Divisors},
  booktitle = {CaLC},
  year      = {2001},
  pages     = {51-66},
  ee        = {http://link.springer.de/link/service/series/0558/bibs/2146/21460051.htm},
  bibsource = {DBLP, http://dblp.uni-trier.de}
}


@inproceedings{DBLP:conf/crypto/Gentry10,
  author    = {Craig Gentry},
  title     = {Toward Basing Fully Homomorphic Encryption on Worst-Case
               Hardness},
  booktitle = {CRYPTO},
  year      = {2010},
  pages     = {116-137},
  ee        = {http://dx.doi.org/10.1007/978-3-642-14623-7_7},
  bibsource = {DBLP, http://dblp.uni-trier.de}
}


@inproceedings{DBLP:conf/crypto/GentryHV10,
  author    = {Craig Gentry and
               Shai Halevi and
               Vinod Vaikuntanathan},
  title     = {{$i$-Hop Homomorphic Encryption and Rerandomizable Yao
               Circuits}},
  booktitle = {CRYPTO},
  year      = {2010},
  pages     = {155-172},
  ee        = {http://dx.doi.org/10.1007/978-3-642-14623-7_9},
  bibsource = {DBLP, http://dblp.uni-trier.de}
}


@inproceedings{DBLP:conf/crypto/LyubashevskyM09,
  author    = {Vadim Lyubashevsky and
               Daniele Micciancio},
  title     = {On Bounded Distance Decoding, Unique Shortest Vectors, and
               the Minimum Distance Problem},
  booktitle = {CRYPTO},
  year      = {2009},
  pages     = {577-594},
  ee        = {http://dx.doi.org/10.1007/978-3-642-03356-8_34},
  bibsource = {DBLP, http://dblp.uni-trier.de}
}

@misc{fplll_lib,
    author = {Xavier Pujol and
	Damien Stehle and
David Cade},
    title = {{fplll library}},
    howpublished = {online},
	type = {C++ library},	
	edition = {fplll-3.1},
    note = {\url{http://perso.ens-lyon.fr/xavier.pujol/fplll/}},
}
@misc{NTL_lib,
    author = {Victor Shoup},
    title = {{NTL - A Library for Doing Number Theory}},
    howpublished = {online},
	type = {C++ library},	
	edition = {ntl-5.5.2},
    note = {\url{http://www.shoup.net/ntl/index.html}},
}

@inproceedings{DBLP:conf/approx/LiuLM06,
  author    = {Yi-Kai Liu and
               Vadim Lyubashevsky and
               Daniele Micciancio},
  title     = {On Bounded Distance Decoding for General Lattices},
  booktitle = {APPROX-RANDOM},
  year      = {2006},
  pages     = {450-461},
  ee        = {http://dx.doi.org/10.1007/11830924_41},
  bibsource = {DBLP, http://dblp.uni-trier.de}
}

@inproceedings{DBLP:conf/calc/NguyenS01,
  author    = {Phong Q. Nguyen and
               Jacques Stern},
  title     = {The Two Faces of Lattices in Cryptology},
  booktitle = {CaLC},
  year      = {2001},
  pages     = {146-180},
  ee        = {http://link.springer.de/link/service/series/0558/bibs/2146/21460146.htm},
  bibsource = {DBLP, http://dblp.uni-trier.de}
}
@book{post_quantum_crypto,
 author = {Bernstein, Daniel J. and Buchmann, Johannes and Dahmen, Erik},
 title = {Post Quantum Cryptography},
 year = {2008},
 isbn = {3540887016, 9783540887010},
 publisher = {Springer Publishing Company, Incorporated}
 }
@incollection{MQ_PKC,
author = {Jintai Ding and
	Bo Yin Yang},
title = {Multivariate Public Key Cryptography},
booktitle = {Post Quantum Cryptography},
year = {2008},
pages = {193-242},
 publisher = {Springer Publishing Company, Incorporated},
 }
@inproceedings{DBLP:conf/crypto/HaleviS14,
  author    = {Shai Halevi and
               Victor Shoup},
  title     = {Algorithms in HElib},
  booktitle = {Advances in Cryptology - {CRYPTO} 2014 - 34th Annual Cryptology Conference,
               Santa Barbara, CA, USA, August 17-21, 2014, Proceedings, Part {I}},
  year      = {2014},
  pages     = {554--571},
  url       = {http://dx.doi.org/10.1007/978-3-662-44371-2_31},
  doi       = {10.1007/978-3-662-44371-2_31},
  timestamp = {Fri, 24 Oct 2014 16:34:22 +0200},
  biburl    = {http://dblp.uni-trier.de/rec/bib/conf/crypto/HaleviS14},
  bibsource = {dblp computer science bibliography, http://dblp.org}
}

@article{MAGMA,
  author    = {Wieb Bosma and John Cannon and Catherine Playoust},
  title     = {The {Magma} algebra system. {I}. The user language.},
  journal   = {J. Symbolic Comput.},
  volume    = {24},
  number    = {3-4},
  year      = {1997},
  pages     = {235-265},
}

@inproceedings{DBLP:conf/crypto/GoldreichGH97a,
  author    = {Oded Goldreich and
               Shafi Goldwasser and
               Shai Halevi},
  title     = {Public-Key Cryptosystems from Lattice Reduction Problems},
  booktitle = {CRYPTO},
  year      = {1997},
  pages     = {112-131},
  ee        = {http://dx.doi.org/10.1007/BFb0052231},
  bibsource = {DBLP, http://dblp.uni-trier.de}
}

@inproceedings{DBLP:conf/asiacrypt/StehleS10,
  author    = {Damien Stehl{\'e} and
               Ron Steinfeld},
  title     = {Faster Fully Homomorphic Encryption},
  booktitle = {ASIACRYPT},
  year      = {2010},
  pages     = {377-394},
  ee        = {http://dx.doi.org/10.1007/978-3-642-17373-8_22},
  bibsource = {DBLP, http://dblp.uni-trier.de}
}

@inproceedings{DBLP:conf/eurocrypt/GentryH11,
  author    = {Craig Gentry and
               Shai Halevi},
  title     = {Implementing {Gentry's} Fully-Homomorphic Encryption Scheme},
  booktitle = {EUROCRYPT},
  year      = {2011},
  pages     = {129-148},
  ee        = {http://dx.doi.org/10.1007/978-3-642-20465-4_9},
  bibsource = {DBLP, http://dblp.uni-trier.de}
}

@article{DBLP:journals/jcss/GoldwasserM84,
  author    = {Shafi Goldwasser and
               Silvio Micali},
  title     = {Probabilistic Encryption},
  journal   = {J. Comput. Syst. Sci.},
  volume    = {28},
  number    = {2},
  year      = {1984},
  pages     = {270-299},
  bibsource = {DBLP, http://dblp.uni-trier.de}
}


@inproceedings{DBLP:conf/crypto/BellareDPR98,
  author    = {Mihir Bellare and
               Anand Desai and
               David Pointcheval and
               Phillip Rogaway},
  title     = {Relations Among Notions of Security for Public-Key Encryption
               Schemes},
  booktitle = {CRYPTO},
  year      = {1998},
  pages     = {26-45},
  ee        = {http://dx.doi.org/10.1007/BFb0055718},
  bibsource = {DBLP, http://dblp.uni-trier.de}
}
@INPROCEEDINGS{HanSte07,
  author = {G. Hanrot and D. Stehle},
  title = {Improved Analysis of {K}annan's Shortest Lattice Vector Algorithm},
  booktitle = {Proc.\ CRYPTO 07},
  year = {2007},
  keywords = {Lattice Theory, SVP,CVP,Kannan},
  pdf = {/home/thomaspl/Keep/Pdf/HanSte07.pdf}
}
@INPROCEEDINGS{BloNae07,
  author = {J. Bl{\"o}mer and S. Naewe},
  title = {Sampling Methods for Shortest Vectors, Closest Vectors and Successive
	Minima},
  booktitle = {ICALP},
  year = {2007},
  pages = {65-77},
  keywords = {Lattice Theory, SVP, CVP},
  pdf = {/home/thomaspl/Keep/Pdf/BloNae07.pdf}
}
@inproceedings{DBLP:conf/codcry/HanrotPS11,
  author    = {Guillaume Hanrot and
               Xavier Pujol and
               Damien Stehl{\'e}},
  title     = {Algorithms for the Shortest and Closest Lattice Vector Problems},
  booktitle = {IWCC},
  year      = {2011},
  pages     = {159-190},
  ee        = {http://dx.doi.org/10.1007/978-3-642-20901-7_10},
  bibsource = {DBLP, http://dblp.uni-trier.de}
}
@proceedings{DBLP:conf/codcry/2011,
  editor    = {Yeow Meng Chee and
               Zhenbo Guo and
               San Ling and
               Fengjing Shao and
               Yuansheng Tang and
               Huaxiong Wang and
               Chaoping Xing},
  title     = {Coding and Cryptology - Third International Workshop, IWCC
               2011, Qingdao, China, May 30-June 3, 2011. Proceedings},
  booktitle = {IWCC},
  publisher = {Springer},
  series    = {Lecture Notes in Computer Science},
  volume    = {6639},
  year      = {2011},
  isbn      = {978-3-642-20900-0},
  ee        = {http://dx.doi.org/10.1007/978-3-642-20901-7},
  bibsource = {DBLP, http://dblp.uni-trier.de}
}
@article{DBLP:journals/eccc/ECCC-TR00-074,
  author    = {Daniele Micciancio and
               Bogdan Warinschi},
  title     = {A Linear Space Algorithm for Computing the Hermite Normal
               Form},
  journal   = {Electronic Colloquium on Computational Complexity (ECCC)},
  volume    = {7},
  number    = {74},
  year      = {2000},
  ee        = {http://eccc.hpi-web.de/eccc-reports/2000/TR00-074/index.html},
  bibsource = {DBLP, http://dblp.uni-trier.de}
}

@INPROCEEDINGS{Ajtai98,
  author = {M. Ajtai},
  title = {The Shortest Vector Problem in {\it $l_{\mbox{2}}$} is {NP}-hard
	for Randomized Reductions (Extended Abstract)},
  booktitle = {Thirtieth Annual ACM Symposium on the Theory of Computing (STOC 1998)},
  year = {1998},
  pages = {10-19},
  keywords = {Lattice Theory, Complexity, SVP, SVP 2, euclidian norm},
  pdf = {/home/thomaspl/Keep/Pdf/Ajtai98.pdf}
}



@inproceedings{DBLP:journals/eccc/BrakerskiGV11,
  author    = {Zvika Brakerski and
               Craig Gentry and
               Vinod Vaikuntanathan},
  title     = {(Leveled) fully homomorphic encryption without bootstrapping},
  booktitle = {ITCS},
  year      = {2012},
  pages     = {309-325},
  ee        = {http://doi.acm.org/10.1145/2090236.2090262},
  bibsource = {DBLP, http://dblp.uni-trier.de}
}


@book{textbook:statistics,
    author = {Georgii, Hans-Otto},
    day = {27},
    edition = {1},
    howpublished = {Paperback},
    isbn = {3110191458},
    month = feb,
    posted-at = {2011-04-22 18:07:57},
    priority = {2},
    publisher = {Walter de Gruyter},
    title = {Stochastics: Introduction to Probability and Statistics (de Gruyter Textbook)},
    url = {http://www.amazon.com/exec/obidos/redirect?tag=citeulike07-20\&path=ASIN/3110191458},
    year = {2008}
}


@inproceedings{DBLP:conf/crypto/CoronMNT11,
  author    = {Jean-S{\'e}bastien Coron and
               Avradip Mandal and
               David Naccache and
               Mehdi Tibouchi},
  title     = {Fully Homomorphic Encryption over the Integers with Shorter
               Public Keys},
  booktitle = {CRYPTO},
  year      = {2011},
  pages     = {487-504},
  ee        = {http://dx.doi.org/10.1007/978-3-642-22792-9_28},
  bibsource = {DBLP, http://dblp.uni-trier.de}
}




@inproceedings{DBLP:conf/crypto/BrakerskiV11,
  author    = {Zvika Brakerski and
               Vinod Vaikuntanathan},
  title     = {Fully Homomorphic Encryption from {Ring-LWE} and Security
               for Key Dependent Messages},
  booktitle = {CRYPTO},
  year      = {2011},
  pages     = {505-524},
  ee        = {http://dx.doi.org/10.1007/978-3-642-22792-9_29},
  bibsource = {DBLP, http://dblp.uni-trier.de}
}

@inproceedings{DBLP:conf/crypto/GennaroGP10,
  author    = {Rosario Gennaro and
               Craig Gentry and
               Bryan Parno},
  title     = {Non-interactive Verifiable Computing: Outsourcing Computation
               to Untrusted Workers},
  booktitle = {CRYPTO},
  year      = {2010},
  pages     = {465-482},
  ee        = {http://dx.doi.org/10.1007/978-3-642-14623-7_25},
  bibsource = {DBLP, http://dblp.uni-trier.de}
}


@inproceedings{DBLP:conf/icics/HallGS99,
  author    = {Chris Hall and
               Ian Goldberg and
               Bruce Schneier},
  title     = {Reaction Attacks against several Public-Key Cryptosystems},
  booktitle = {ICICS},
  year      = {1999},
  pages     = {2-12},
  ee        = {http://dx.doi.org/10.1007/978-3-540-47942-0_2},
  bibsource = {DBLP, http://dblp.uni-trier.de}
}
@article{DBLP:journals/cacm/Gentry10,
  author    = {Craig Gentry},
  title     = {Computing arbitrary functions of encrypted data},
  journal   = {Commun. ACM},
  volume    = {53},
  number    = {3},
  year      = {2010},
  pages     = {97-105},
  ee        = {http://doi.acm.org/10.1145/1666420.1666444},
  bibsource = {DBLP, http://dblp.uni-trier.de}
}
@article{DBLP:journals/combinatorica/Babai86,
  author    = {L{\'{a}}szl{\'{o}} Babai},
  title     = {On Lov{\'{a}}sz' lattice reduction and the nearest lattice point
               problem},
  journal   = {Combinatorica},
  year      = {1986},
  volume    = {6},
  number    = {1},
  pages     = {1--13},
  url       = {http://dx.doi.org/10.1007/BF02579403},
  doi       = {10.1007/BF02579403},
  timestamp = {Fri, 24 Oct 2014 19:10:35 +0200},
  biburl    = {http://dblp.uni-trier.de/rec/bib/journals/combinatorica/Babai86},
  bibsource = {dblp computer science bibliography, http://dblp.org}
}

@inproceedings{DBLP:conf/pkc/GentryHS12,
  author    = {Craig Gentry and
               Shai Halevi and
               Nigel P. Smart},
  title     = {Better Bootstrapping in Fully Homomorphic Encryption},
  booktitle = {Public Key Cryptography},
  year      = {2012},
  pages     = {1-16},
  ee        = {http://dx.doi.org/10.1007/978-3-642-30057-8_1},
  bibsource = {DBLP, http://dblp.uni-trier.de}
}
@inproceedings{Gama:2008:PLR:1788414.1788417,
 author = {Gama, Nicolas and Nguyen, Phong Q.},
 title = {Predicting lattice reduction},
 booktitle = {Proceedings of the theory and applications of cryptographic techniques 27th annual international conference on Advances in cryptology},
 series = {EUROCRYPT'08},
 year = {2008},
 isbn = {3-540-78966-9, 978-3-540-78966-6},
 location = {Istanbul, Turkey},
 pages = {31--51},
 numpages = {21},
 url = {http://dl.acm.org/citation.cfm?id=1788414.1788417},
 acmid = {1788417},
 publisher = {Springer-Verlag},
 address = {Berlin, Heidelberg},
 keywords = {BKZ, DEEP insertions, LLL, lattice reduction, lattice-based cryptosystems},
}


@InProceedings{ccsw2011/LauterNV,
	booktitle = {ccsw},
	year = {2011},
	author = {Kristin Lauter and Michael Naehrig and Vinod Vaikuntanathan},
	title = {Can Homomorphic Encryption be Practical?}
}
@article{iLLL,
year={2014},
issn={0925-1022},
journal={Designs, Codes and Cryptography},
doi={10.1007/s10623-014-9957-1},
title={{LLL} for ideal lattices: re-evaluation of the security of {Gentry–Halevi's FHE} scheme},
url={http://dx.doi.org/10.1007/s10623-014-9957-1},
publisher={Springer US},
keywords={Lattice theory; Lattice reduction; LLL; Ideal lattice; Fully homomorphic encryption; 94A60},
author={Plantard, Thomas and Susilo, Willy and Zhang, Zhenfei},
pages={1-20},
language={English}
}
@book{DBLP:books/daglib/0086372,
  author    = {Gene H. Golub and
               Charles F. van Loan},
  title     = {Matrix computations (3. ed.)},
  publisher = {Johns Hopkins University Press},
  year      = {1996},
  isbn      = {978-0-8018-5414-9},
  pages     = {I-XXVII, 1-694},
  bibsource = {DBLP, http://dblp.uni-trier.de}
}
@inproceedings{rr12,
  author    = {Thomas Plantard and
               Willy Susilo and Zhenfei Zhang
},
  title     = {Lattice Reduction For Knapsack},
  booktitle = {SAC},
  year      = {2012}
}
@inproceedings{DBLP:conf/scn/Garg14,
  author    = {Sanjam Garg},
  title     = {Program Obfuscation via Multilinear Maps},
  booktitle = {Security and Cryptography for Networks - 9th International Conference,
               {SCN} 2014, Amalfi, Italy, September 3-5, 2014. Proceedings},
  year      = {2014},
  pages     = {91--94},
  url       = {http://dx.doi.org/10.1007/978-3-319-10879-7_6},
  doi       = {10.1007/978-3-319-10879-7_6},
  timestamp = {Fri, 24 Oct 2014 17:08:24 +0200},
  biburl    = {http://dblp.uni-trier.de/rec/bib/conf/scn/Garg14},
  bibsource = {dblp computer science bibliography, http://dblp.org}
}
@inproceedings{DBLP:conf/eurocrypt/GargGH13,
  author    = {Sanjam Garg and
               Craig Gentry and
               Shai Halevi},
  title     = {Candidate Multilinear Maps from Ideal Lattices},
  booktitle = {Advances in Cryptology - {EUROCRYPT} 2013, 32nd Annual International
               Conference on the Theory and Applications of Cryptographic Techniques,
               Athens, Greece, May 26-30, 2013. Proceedings},
  year      = {2013},
  pages     = {1--17},
  url       = {http://dx.doi.org/10.1007/978-3-642-38348-9_1},
  doi       = {10.1007/978-3-642-38348-9_1},
  timestamp = {Fri, 24 Oct 2014 17:06:15 +0200},
  biburl    = {http://dblp.uni-trier.de/rec/bib/conf/eurocrypt/GargGH13},
  bibsource = {dblp computer science bibliography, http://dblp.org}
}

@inproceedings{DBLP:conf/scn/GentryHPS12,
  author    = {Craig Gentry and
               Shai Halevi and
               Chris Peikert and
               Nigel P. Smart},
  title     = {Ring Switching in {BGV}-Style Homomorphic Encryption},
  booktitle = {SCN},
  year      = {2012},
  pages     = {19-37},
  ee        = {http://dx.doi.org/10.1007/978-3-642-32928-9_2},
  bibsource = {DBLP, http://dblp.uni-trier.de}
}

@inproceedings{DBLP:conf/eurocrypt/GentryHS12,
  author    = {Craig Gentry and
               Shai Halevi and
               Nigel P. Smart},
  title     = {Fully Homomorphic Encryption with Polylog Overhead},
  booktitle = {EUROCRYPT},
  year      = {2012},
  pages     = {465-482},
  ee        = {http://dx.doi.org/10.1007/978-3-642-29011-4_28},
  bibsource = {DBLP, http://dblp.uni-trier.de}
}


@inproceedings{DBLP:conf/stoc/Regev05,
  author    = {Oded Regev},
  title     = {On lattices, learning with errors, random linear codes,
               and cryptography},
  booktitle = {STOC},
  year      = {2005},
  pages     = {84-93},
  ee        = {http://doi.acm.org/10.1145/1060590.1060603},
  bibsource = {DBLP, http://dblp.uni-trier.de}
}


@inproceedings{DBLP:conf/cans/Nguyen11,
  author    = {Phong Q. Nguyen},
  title     = {Breaking Fully-Homomorphic-Encryption Challenges},
  booktitle = {CANS},
  year      = {2011},
  pages     = {13-14},
  ee        = {http://dx.doi.org/10.1007/978-3-642-25513-7_2},
  bibsource = {DBLP, http://dblp.uni-trier.de}
}

@inproceedings{DBLP:conf/focs/BrakerskiV11,
  author    = {Zvika Brakerski and
               Vinod Vaikuntanathan},
  title     = {Efficient Fully Homomorphic Encryption from (Standard) {LWE}},
  booktitle = {FOCS},
  year      = {2011},
  pages     = {97-106},
  ee        = {http://dx.doi.org/10.1109/FOCS.2011.12},
  bibsource = {DBLP, http://dblp.uni-trier.de}
}

@inproceedings{DBLP:conf/ants/Regev10,
  author    = {Oded Regev},
  title     = {Learning with Errors over Rings},
  booktitle = {ANTS},
  year      = {2010},
  pages     = {3},
  ee        = {http://dx.doi.org/10.1007/978-3-642-14518-6_3},
  bibsource = {DBLP, http://dblp.uni-trier.de}
}
@misc{svp_challenge,
    title = {{SVP CHALLENGE}},
    howpublished = {online},
    note = {\url{http://www.latticechallenge.org/svp-challenge/index.php}},
}
@misc{fhe_challenge,
author = {Craig Gentry and
	Shai Halevi	},
    title = {{Public Challenges for Fully-Homomorphic Encryption}},
    howpublished = {online},
    note = {\url{http://researcher.watson.ibm.com/researcher/view_project.php?id=1548}},
}
@inproceedings{DBLP:conf/crypto/GentrySW13,
  author    = {Craig Gentry and
               Amit Sahai and
               Brent Waters},
  title     = {Homomorphic Encryption from Learning with Errors: Conceptually-Simpler,
               Asymptotically-Faster, Attribute-Based},
  booktitle = {Advances in Cryptology - {CRYPTO} 2013 - 33rd Annual Cryptology Conference,
               Santa Barbara, CA, USA, August 18-22, 2013. Proceedings, Part {I}},
  pages     = {75--92},
  year      = {2013},

  url       = {http://dx.doi.org/10.1007/978-3-642-40041-4_5},
  doi       = {10.1007/978-3-642-40041-4_5},
  timestamp = {Wed, 21 Aug 2013 17:20:48 +0200},
  biburl    = {http://dblp.uni-trier.de/rec/bib/conf/crypto/GentrySW13},
  bibsource = {dblp computer science bibliography, http://dblp.org}
}
@inproceedings{DBLP:conf/eurocrypt/DucasM15,
  author    = {L{\'{e}}o Ducas and
               Daniele Micciancio},
  title     = {{FHEW:} Bootstrapping Homomorphic Encryption in Less Than a Second},
  booktitle = {Advances in Cryptology - {EUROCRYPT} 2015 - 34th Annual International
               Conference on the Theory and Applications of Cryptographic Techniques,
               Sofia, Bulgaria, April 26-30, 2015, Proceedings, Part {I}},
  pages     = {617--640},
  year      = {2015},
  url       = {http://dx.doi.org/10.1007/978-3-662-46800-5_24},
  doi       = {10.1007/978-3-662-46800-5_24},
  timestamp = {Tue, 14 Apr 2015 13:51:12 +0200},
  biburl    = {http://dblp.uni-trier.de/rec/bib/conf/eurocrypt/DucasM15},
  bibsource = {dblp computer science bibliography, http://dblp.org}
}
@article{DBLP:journals/jacm/LyubashevskyPR13,
  author    = {Vadim Lyubashevsky and
               Chris Peikert and
               Oded Regev},
  title     = {On Ideal Lattices and Learning with Errors over Rings},
  journal   = {J. {ACM}},
  volume    = {60},
  number    = {6},
  pages     = {43},
  year      = {2013},
  url       = {http://doi.acm.org/10.1145/2535925},
  doi       = {10.1145/2535925},
  timestamp = {Fri, 06 Dec 2013 15:28:53 +0100},
  biburl    = {http://dblp.uni-trier.de/rec/bib/journals/jacm/LyubashevskyPR13},
  bibsource = {dblp computer science bibliography, http://dblp.org}
}
@article{DBLP:journals/jacm/Regev09,
  author    = {Oded Regev},
  title     = {On lattices, learning with errors, random linear codes, and cryptography},
  journal   = {J. {ACM}},
  volume    = {56},
  number    = {6},
  year      = {2009},
  url       = {http://doi.acm.org/10.1145/1568318.1568324},
  doi       = {10.1145/1568318.1568324},
  timestamp = {Fri, 04 Sep 2009 12:36:07 +0200},
  biburl    = {http://dblp.uni-trier.de/rec/bib/journals/jacm/Regev09},
  bibsource = {dblp computer science bibliography, http://dblp.org}
}

@incollection{harrison2009efficient,
  title={Efficient acceleration of asymmetric cryptography on graphics hardware},
  author={Harrison, Owen and Waldron, John},
  booktitle={Progress in Cryptology--AFRICACRYPT 2009},
  pages={350--367},
  year={2009},
  publisher={Springer}
}

@inproceedings{manavski2007cuda,
  title={CUDA compatible GPU as an efficient hardware accelerator for AES cryptography},
  author={Manavski, Svetlin A},
  booktitle={Signal Processing and Communications, 2007. ICSPC 2007. IEEE International Conference on},
  pages={65--68},
  year={2007},
  organization={IEEE}
}

@TechReport{nvidiamaxwell,
  title={{Maxwell: The Most Advanced CUDA GPU Ever Made}},
  author={{NVIDIA Corporation}},
  year={2014}
}

@article{Hoffstein:2003:RSH:945978.945983,
  author = {Hoffstein, Jeffrey and Silverman, Joseph H.},
  title = {Random Small Hamming Weight Products with Applications to Cryptography},
  journal = {Discrete Appl. Math.},
  issue_date = {8 August 2003},
  volume = {130},
  number = {1},
  month = aug,
  year = {2003},
  issn = {0166-218X},
  pages = {37--49},
  numpages = {13},
  url = {http://dx.doi.org/10.1016/S0166-218X(02)00588-7},
  doi = {10.1016/S0166-218X(02)00588-7},
  acmid = {945983},
  publisher = {Elsevier Science Publishers B. V.},
  address = {Amsterdam, The Netherlands, The Netherlands},
}

@InBook{Howgrave-Graham2007,
  Title                    = {Advances in Cryptology - CRYPTO 2007: 27th Annual International Cryptology Conference, Santa Barbara, CA, USA, August 19-23, 2007. Proceedings},
  Author                   = {Howgrave-Graham, Nick},
  Chapter                  = {A Hybrid Lattice-Reduction and Meet-in-the-Middle Attack Against NTRU},
  Editor                   = {Menezes, Alfred},
  Pages                    = {150--169},
  Publisher                = {Springer Berlin Heidelberg},
  Year                     = {2007},
  
  Address                  = {Berlin, Heidelberg},
  
  Doi                      = {10.1007/978-3-540-74143-5_9},
  ISBN                     = {978-3-540-74143-5},
  Url                      = {http://dx.doi.org/10.1007/978-3-540-74143-5_9}
}


@incollection{NTRUMLS2014,
year={2014},
isbn={978-3-319-11658-7},
booktitle={Post-Quantum Cryptography},
volume={8772},
series={Lecture Notes in Computer Science},
editor={Mosca, Michele},
doi={10.1007/978-3-319-11659-4_9},
title={Transcript Secure Signatures Based on Modular Lattices},
url={http://dx.doi.org/10.1007/978-3-319-11659-4_9},
publisher={Springer International Publishing},
author={Hoffstein, Jeff and Pipher, Jill and Schanck, John M. and Silverman, Joseph H. and Whyte, William},
pages={142-159},
language={English}
}
@Misc{Chen2016,
  Title                    = {Report on Post-Quantum Cryptography},

  Author                   = {Chen, Lily and Jordan, Stephen and Liu, Yi-Kai and Moody, Dustin and Peralta, Rene and Perlner, Ray and Smith-Tone, Daniel},
  HowPublished             = {National Institute of Standards and Technology Internal Report 8105},
  Month                    = {February},
  Year                     = {2016},

  Owner                    = {john},
  Timestamp                = {2016.02.17}
}


@Misc{NSA,
  Title                    = {{NSA} {Suite} {B} {Cryptography} - {NSA}/{CSS}},

  Owner                    = {john},
  Timestamp                = {2016.02.17},
  Url                      = {https://www.nsa.gov/ia/programs/suiteb_cryptography/},
  Urldate                  = {2016-02-17}
}

@Misc{salsa_ietf,
  Title                    = {{ChaCha20} and {Poly1305} for {IETF} {Protocols}},
  author    = { Y. Nir and A. Langley},
  Url                      = {https://tools.ietf.org/html/rfc7539},
  Urldate                  = {2016-05-04}
}
@InProceedings{DBLP:conf/focs/Shor94,
  Title                    = {Algorithms for Quantum Computation: Discrete Logarithms
 and Factoring},
  Author                   = {Peter W. Shor},
  Booktitle                = {FOCS},
  Year                     = {1994},
  Pages                    = {124-134},

  Bibsource                = {DBLP, http://dblp.uni-trier.de},
  Ee                       = {http://doi.ieeecomputersociety.org/10.1109/SFCS.1994.365700}
}


@incollection{Salsa20,
year={2008},
isbn={978-3-540-68350-6},
booktitle={New Stream Cipher Designs},
volume={4986},
series={Lecture Notes in Computer Science},
editor={Robshaw, Matthew and Billet, Olivier},
doi={10.1007/978-3-540-68351-3_8},
title={The Salsa20 Family of Stream Ciphers},
url={http://dx.doi.org/10.1007/978-3-540-68351-3_8},
publisher={Springer Berlin Heidelberg},
author={Bernstein, DanielJ.},
pages={84-97},
language={English}
}

@inproceedings{ajtai96,
	series = {{STOC} 1996},
	title = {Generating hard instances of lattice problems (extended abstract)},
	booktitle = {Proceedings of the twenty-eighth annual {ACM} symposium on theory of computing},
	publisher = {{ACM}},
	author = {Ajtai, M.},
	year = {1996},
	pages = {99--108}
},

@incollection{GN08,
	series = {{LNCS}},
	title = {Predicting Lattice Reduction},
	volume = {4965},
	booktitle = {{EUROCRYPT} 2008},
	publisher = {Springer},
	author = {Gama, Nicolas and Nguyen, Phong Q.},
	editor = {Smart, Nigel},
	year = {2008},
	pages = {31--51},
	file = {Gama and Nguyen - 2008 - Predicting Lattice Reduction.pdf:/home/john/ntru/pdf/Gama and Nguyen - 2008 - Predicting Lattice Reduction.pdf:application/pdf}
},
@inproceedings{DBLP:conf/ctrsa/HoffsteinHPSW03,
  author    = {Jeffrey Hoffstein and
               Nick Howgrave{-}Graham and
               Jill Pipher and
               Joseph H. Silverman and
               William Whyte},
  title     = {{NTRUSIGN:} Digital Signatures Using the {NTRU} Lattice},
  booktitle = {Topics in Cryptology - {CT-RSA} 2003, The Cryptographers' Track at
               the {RSA} Conference 2003, San Francisco, CA, USA, April 13-17, 2003,
               Proceedings},
  pages     = {122--140},
  year      = {2003},
  url       = {http://dx.doi.org/10.1007/3-540-36563-X_9},
  doi       = {10.1007/3-540-36563-X_9},
  timestamp = {Tue, 05 Jul 2011 11:03:57 +0200},
  biburl    = {http://dblp.uni-trier.de/rec/bib/conf/ctrsa/HoffsteinHPSW03},
  bibsource = {dblp computer science bibliography, http://dblp.org}
},


@incollection{GLP12,
	series = {{LNCS}},
	title = {Practical Lattice-Based Cryptography: A Signature Scheme for Embedded Systems},
	shorttitle = {Practical Lattice-Based Cryptography},
	volume = {7428},
	booktitle = {{CHES} 2012},
	publisher = {Springer},
	author = {G\"uneysu, Tim and Lyubashevsky, Vadim and P\"oppelmann, Thomas},
	editor = {Prouff, Emmanuel and Schaumont, Patrick},
	year = {2012},
	pages = {530--547}
},
@article{DBLP:journals/joc/NguyenR09,
  author    = {Phong Q. Nguyen and
               Oded Regev},
  title     = {Learning a Parallelepiped: Cryptanalysis of {GGH} and {NTRU} Signatures},
  journal   = {J. Cryptology},
  volume    = {22},
  number    = {2},
  pages     = {139--160},
  year      = {2009},
  url       = {http://dx.doi.org/10.1007/s00145-008-9031-0},
  doi       = {10.1007/s00145-008-9031-0},
  timestamp = {Tue, 12 May 2009 15:14:14 +0200},
  biburl    = {http://dblp.uni-trier.de/rec/bib/journals/joc/NguyenR09},
  bibsource = {dblp computer science bibliography, http://dblp.org}
},
@inproceedings{DBLP:conf/asiacrypt/DucasN12a,
  author    = {L{\'{e}}o Ducas and
               Phong Q. Nguyen},
  title     = {Learning a Zonotope and More: Cryptanalysis of NTRUSign Countermeasures},
  booktitle = {Advances in Cryptology - {ASIACRYPT} 2012 - 18th International Conference
               on the Theory and Application of Cryptology and Information Security,
               Beijing, China, December 2-6, 2012. Proceedings},
  pages     = {433--450},
  year      = {2012},
  url       = {http://dx.doi.org/10.1007/978-3-642-34961-4_27},
  doi       = {10.1007/978-3-642-34961-4_27},
  timestamp = {Tue, 20 Nov 2012 14:23:13 +0100},
  biburl    = {http://dblp.uni-trier.de/rec/bib/conf/asiacrypt/DucasN12a},
  bibsource = {dblp computer science bibliography, http://dblp.org}
},
@incollection{lyu09,
	title = {Fiat-shamir with aborts: Applications to lattice and factoring-based signatures},
	booktitle = {{ASIACRYPT} 2009},
	publisher = {Springer},
	author = {Lyubashevsky, Vadim},
	year = {2009},
	pages = {598--616}
},

@incollection{PASS_II,
	series = {Progress in Computer Science and Applied Logic},
	title = {Polynomial Rings and Efficient Public Key Authentication {II}},
	volume = {20},
	booktitle = {Cryptography and Computational Number Theory},
	publisher = {Birkh\"auser},
	author = {Hoffstein, Jeffrey and Silverman, Joseph H.},
	editor = {Lam, Kwok-Yan and Shparlinski, Igor and Wang, Huaxiong and Xing, Chaoping},
	year = {2001},
	pages = {269--286}
},

@incollection{BKZ2,
	title = {{BKZ} 2.0: Better Lattice Security Estimates},
	booktitle = {{ASIACRYPT} 2011},
	publisher = {Springer},
	author = {Chen, Yuanmi and Nguyen, Phong Q},
	year = {2011},
	pages = {1--20},
	file = {Chen and Nguyen - 2011 - BKZ 2.0 better lattice security estimates.pdf:/home/john/ntru/pdf/Chen and Nguyen - 2011 - BKZ 2.0 better lattice security estimates.pdf:application/pdf}
},

@inproceedings{GPV08,
	series = {{STOC} 2008},
	title = {Trapdoors for hard lattices and new cryptographic constructions},
	booktitle = {Proceedings of the 40th annual {ACM} symposium on theory of computing},
	publisher = {{ACM}},
	author = {Gentry, Craig and Peikert, Chris and Vaikuntanathan, Vinod},
	year = {2008},
	pages = {197--206}
},

@article{CRT06,
	title = {Robust uncertainty principles: exact signal reconstruction from highly incomplete frequency information},
	volume = {52},
	issn = {0018-9448},
	shorttitle = {Robust uncertainty principles},
	doi = {10.1109/TIT.2005.862083},
	number = {2},
	journal = {{IEEE} Transactions on Information Theory},
	author = {Candes, {E.J.} and Romberg, J. and Tao, T.},
	year = {2006},
	pages = {489--509}
},

@incollection{DDLL13,
	series = {{LNCS}},
	title = {Lattice Signatures and Bimodal Gaussians},
	volume = {8042},
	booktitle = {{CRYPTO} 2013},
	publisher = {Springer},
	author = {Ducas, L\'{e}o and Durmus, Alain and Lepoint, Tancr\`{e}de and Lyubashevsky, Vadim},
	editor = {Canetti, Ran and Garay, Juan A.},
	year = {2013},
	pages = {40--56}
}

@incollection{lyu12,
	series = {{LNCS}},
	title = {Lattice Signatures without Trapdoors},
	volume = {7237},
	booktitle = {{EUROCRYPT} 2012},
	publisher = {Springer},
	author = {Lyubashevsky, Vadim},
	editor = {Pointcheval, David and Johansson, Thomas},
	year = {2012},
	pages = {738--755}
},

@incollection{GS02,
	series = {{LNCS}},
	title = {Cryptanalysis of the Revised {NTRU} Signature Scheme},
	volume = {2332},
	booktitle = {{EUROCRYPT} 2002},
	publisher = {Springer},
	author = {Gentry, Craig and Szydlo, Mike},
	editor = {Knudsen, Lars R.},
	year = {2002},
	pages = {299--320}
},

@incollection{lyu08,
	series = {{LNCS}},
	title = {Lattice-Based Identification Schemes Secure Under Active Attacks},
	volume = {4939},
	booktitle = {{PKC} 2008},
	publisher = {Springer},
	author = {Lyubashevsky, Vadim},
	editor = {Cramer, Ronald},
	year = {2008},
	pages = {162--179},
	file = {Lyubashevsky - 2008 - Lattice-Based Identification Schemes Secure Under .pdf:/home/john/ntru/pdf/PASS/Lyubashevsky - 2008 - Lattice-Based Identification Schemes Secure Under .pdf:application/pdf}
},

@misc{HKLS00,
	title = {Secure user identification based on constrained polynomials},
	nationality = {United States},
	assignee = {{RSA} Security Inc.},
	number = {6076163},
	author = {Hoffstein, Jeffrey and Kaliski, Burton S. Jr. and Lieman, Daniel Bennett and Robshaw, Matthew John Barton and Yin, Yiqun Lisa},
	year = {2000},
	note = {{U.S.} Classification: 713/168; 380/28; 380/30; 713/170; 713/176
International Classification: {H04L}  932; {H04L}  928; {H04L}  930}
}

@incollection{nguyen99,
	series = {{LNCS}},
	title = {Cryptanalysis of the {G}oldreich-{G}oldwasser-{H}alevi Cryptosystem from {CRYPTO}’97},
	volume = {1666},
	booktitle = {{CRYPTO} 1999},
	publisher = {Springer},
	author = {Nguyen, Phong},
	editor = {Wiener, Michael},
	year = {1999},
	pages = {288--304}
}

@inproceedings{GOPS13,
  author        = {Tim G\"uneysu and Tobias Oder and Thomas P\"oppelmann and Peter Schwabe},
  title         = {Software speed records for lattice-based signatures},
  booktitle     = {Post-Quantum Cryptography},
  series        = {{LNCS}},
  volume        = {7932},
  publisher     = {Springer},
  year          = {2013},
  pages         = {67--82},
}

@incollection{MR09,
	title = {Lattice-based Cryptography},
	booktitle = {Post-Quantum Cryptography},
	publisher = {Springer},
	author = {Micciancio, Daniele and Regev, Oded},
	editor = {Bernstein, Daniel J. and Buchmann, Johannes and Dahmen, Erik},
	year = {2009},
	pages = {147--191}
}

@inproceedings{GNR10,
	series = {{LNCS}},
	title = {Lattice enumeration using extreme pruning},
	booktitle = {{EUROCRYPT 2010}},
	volume = {6110},
	publisher = {Springer},
	author = {Gama, Nicolas and Nguyen, Phong Q. and Regev, Oded},
	year = {2010},
	pages = {257--278}
}

@incollection{HPS11,
	series = {{LNCS}},
	title = {Analyzing Blockwise Lattice Algorithms Using Dynamical Systems},
	volume = {6841},
	booktitle = {{CRYPTO} 2011},
	publisher = {Springer},
	author = {Hanrot, Guillaume and Pujol, Xavier and Stehl\'{e}, Damien},
	editor = {Rogaway, Phillip},
	year = {2011},
	pages = {447--464}
}

@incollection{SB10,
  series = {{LNI}},
  title = {Extended lattice reduction experiments using the {BKZ} algorithm},
  volume = {170},
  booktitle = {Sicherheit},
  publisher = {Gesellschaft f\"ur Informatik},
  author = {Schneider, Michael and Buchmann, Johannes},
  year = {2010},
  pages = {241--252}
}

@incollection{LM06,
	series = {{LNCS}},
	title = {Generalized Compact Knapsacks Are Collision Resistant},
	volume = {4052},
	booktitle = {Automata, Languages and Programming},
	publisher = {Springer},
	author = {Lyubashevsky, Vadim and Micciancio, Daniele},
	editor = {Bugliesi, Michele and Preneel, Bart and Sassone, Vladimiro and Wegener, Ingo},
	year = {2006},
	pages = {144--155}
}

@incollection{PR06,
	series = {{LNCS}},
	title = {Efficient Collision-Resistant Hashing from Worst-Case Assumptions on Cyclic Lattices},
	volume = {3876},
	booktitle = {Theory of Cryptography},
	publisher = {Springer},
	author = {Peikert, Chris and Rosen, Alon},
	editor = {Halevi, Shai and Rabin, Tal},
	year = {2006},
	pages = {145--166}
}
@misc{cryptoeprint:2014:457,
    author = {Jeff Hoffstein and Jill Pipher and John M. Schanck and Joseph H. Silverman and William Whyte},
    title = {Transcript Secure Signatures Based on Modular Lattices},
    howpublished = {Cryptology ePrint Archive, Report 2014/457},
    year = {2014},
    note = {\url{http://eprint.iacr.org/}},
}

@article{MILLER1976300,
title = "Riemann's hypothesis and tests for primality",
journal = "Journal of Computer and System Sciences",
volume = "13",
number = "3",
pages = "300 - 317",
year = "1976",
note = "",
issn = "0022-0000",
doi = "http://dx.doi.org/10.1016/S0022-0000(76)80043-8",
url = "http://www.sciencedirect.com/science/article/pii/S0022000076800438",
author = "Gary L. Miller",
}
@article{RABIN1980128,
title = "Probabilistic algorithm for testing primality",
journal = "Journal of Number Theory",
volume = "12",
number = "1",
pages = "128 - 138",
year = "1980",
note = "",
issn = "0022-314X",
doi = "http://dx.doi.org/10.1016/0022-314X(80)90084-0",
url = "http://www.sciencedirect.com/science/article/pii/0022314X80900840",
author = "Michael O Rabin",

}
@inproceedings{DBLP:conf/eurocrypt/StehleS11,
  author    = {Damien Stehl{\'{e}} and
               Ron Steinfeld},
  title     = {Making {NTRU} as Secure as Worst-Case Problems over Ideal Lattices},
  booktitle = {Advances in Cryptology - {EUROCRYPT} 2011 - 30th Annual International
               Conference on the Theory and Applications of Cryptographic Techniques,
               Tallinn, Estonia, May 15-19, 2011. Proceedings},
  pages     = {27--47},
  year      = {2011},
  url       = {http://dx.doi.org/10.1007/978-3-642-20465-4_4},
  doi       = {10.1007/978-3-642-20465-4_4},
  timestamp = {Thu, 05 May 2011 18:04:16 +0200},
  biburl    = {http://dblp.uni-trier.de/rec/bib/conf/eurocrypt/StehleS11},
  bibsource = {dblp computer science bibliography, http://dblp.org}
}
    @manual{PARI2,
      organization = "{The PARI~Group}",
      title        = "{PARI/GP version {\tt 2.7.0}}",
      year         = 2014,
      address      = "Bordeaux",
      note         = "available from \url{http://pari.math.u-bordeaux.fr/}"
    }
    
@inproceedings{DBLP:conf/crypto/AlbrechtBD16,
  author    = {Martin R. Albrecht and
               Shi Bai and
               L{\'{e}}o Ducas},
  title     = {A Subfield Lattice Attack on Overstretched {NTRU} Assumptions - Cryptanalysis
               of Some {FHE} and Graded Encoding Schemes},
  booktitle = {Advances in Cryptology - {CRYPTO} 2016 - 36th Annual International
               Cryptology Conference, Santa Barbara, CA, USA, August 14-18, 2016,
               Proceedings, Part {I}},
  pages     = {153--178},
  year      = {2016},
  crossref  = {DBLP:conf/crypto/2016-1},
  url       = {http://dx.doi.org/10.1007/978-3-662-53018-4_6},
  doi       = {10.1007/978-3-662-53018-4_6},
  timestamp = {Sat, 20 Aug 2016 12:19:23 +0200},
  biburl    = {http://dblp.uni-trier.de/rec/bib/conf/crypto/AlbrechtBD16},
  bibsource = {dblp computer science bibliography, http://dblp.org}
}
    @inproceedings{DBLP:conf/uss/AlkimDPS16,
  author    = {Erdem Alkim and
               L{\'{e}}o Ducas and
               Thomas P{\"{o}}ppelmann and
               Peter Schwabe},
  title     = {Post-quantum Key Exchange - {A} New Hope},
  booktitle = {25th {USENIX} Security Symposium, {USENIX} Security 16, Austin, TX,
               USA, August 10-12, 2016.},
  pages     = {327--343},
  year      = {2016},
  crossref  = {DBLP:conf/uss/2016},
  url       = {https://www.usenix.org/conference/usenixsecurity16/technical-sessions/presentation/alkim},
  timestamp = {Mon, 05 Sep 2016 15:43:05 +0200},
  biburl    = {http://dblp.uni-trier.de/rec/bib/conf/uss/AlkimDPS16},
  bibsource = {dblp computer science bibliography, http://dblp.org}
}
@inproceedings{DBLP:conf/ima/BosLLN13,
  author    = {Joppe W. Bos and
               Kristin E. Lauter and
               Jake Loftus and
               Michael Naehrig},
  title     = {Improved Security for a Ring-Based Fully Homomorphic Encryption Scheme},
  booktitle = {Cryptography and Coding - 14th {IMA} International Conference, {IMACC}
               2013, Oxford, UK, December 17-19, 2013. Proceedings},
  pages     = {45--64},
  year      = {2013},
  crossref  = {DBLP:conf/ima/2013},
  url       = {http://dx.doi.org/10.1007/978-3-642-45239-0_4},
  doi       = {10.1007/978-3-642-45239-0_4},
  timestamp = {Thu, 28 Aug 2014 14:01:37 +0200},
  biburl    = {http://dblp.uni-trier.de/rec/bib/conf/ima/BosLLN13},
  bibsource = {dblp computer science bibliography, http://dblp.org}
}


@article{DBLP:journals/iacr/BernsteinCLV16,
  author    = {Daniel J. Bernstein and
               Chitchanok Chuengsatiansup and
               Tanja Lange and
               Christine van Vredendaal},
  title     = {{NTRU} Prime},
  journal   = {{IACR} Cryptology ePrint Archive},
  volume    = {2016},
  pages     = {461},
  year      = {2016},
  url       = {http://eprint.iacr.org/2016/461},
  timestamp = {Sat, 11 Jun 2016 18:59:57 +0200},
  biburl    = {http://dblp.uni-trier.de/rec/bib/journals/iacr/BernsteinCLV16},
  bibsource = {dblp computer science bibliography, http://dblp.org}
}

@inproceedings{DBLP:conf/ctrsa/HoffsteinPSSWZ17,
  author    = {Jeffrey Hoffstein and
               Jill Pipher and
               John M. Schanck and
               Joseph H. Silverman and
               William Whyte and
               Zhenfei Zhang},
  title     = {Choosing Parameters for NTRUEncrypt},
  booktitle = {Topics in Cryptology - {CT-RSA} 2017 - The Cryptographers' Track at
               the {RSA} Conference 2017, San Francisco, CA, USA, February 14-17,
               2017, Proceedings},
  pages     = {3--18},
  year      = {2017},
  crossref  = {DBLP:conf/ctrsa/2017},
  url       = {https://doi.org/10.1007/978-3-319-52153-4_1},
  doi       = {10.1007/978-3-319-52153-4_1},
  timestamp = {Sun, 21 May 2017 00:20:20 +0200},
  biburl    = {http://dblp.uni-trier.de/rec/bib/conf/ctrsa/HoffsteinPSSWZ17},
  bibsource = {dblp computer science bibliography, http://dblp.org}
}

@article{DBLP:journals/iacr/Howgrave-GrahamSSW03,
  author    = {Nick Howgrave{-}Graham and
               Joseph H. Silverman and
               Ari Singer and
               William Whyte},
  title     = {{NAEP:} Provable Security in the Presence of Decryption Failures},
  journal   = {{IACR} Cryptology ePrint Archive},
  volume    = {2003},
  pages     = {172},
  year      = {2003},
  url       = {http://eprint.iacr.org/2003/172},
  timestamp = {Thu, 08 Jun 2017 14:26:45 +0200},
  biburl    = {http://dblp.uni-trier.de/rec/bib/journals/iacr/Howgrave-GrahamSSW03},
  bibsource = {dblp computer science bibliography, http://dblp.org}
}

@inproceedings{DBLP:conf/crypto/HaleviS14,
  author    = {Shai Halevi and
               Victor Shoup},
  title     = {Algorithms in HElib},
  booktitle = {Advances in Cryptology - {CRYPTO} 2014 - 34th Annual Cryptology Conference,
               Santa Barbara, CA, USA, August 17-21, 2014, Proceedings, Part {I}},
  pages     = {554--571},
  year      = {2014},
  crossref  = {DBLP:conf/crypto/2014-1},
  url       = {https://doi.org/10.1007/978-3-662-44371-2_31},
  doi       = {10.1007/978-3-662-44371-2_31},
  timestamp = {Fri, 26 May 2017 00:50:20 +0200},
  biburl    = {http://dblp.org/rec/bib/conf/crypto/HaleviS14},
  bibsource = {dblp computer science bibliography, http://dblp.org}
}
@inproceedings{DBLP:conf/ctrsa/Howgrave-GrahamSW05,
  author    = {Nick Howgrave{-}Graham and
               Joseph H. Silverman and
               William Whyte},
  title     = {Choosing Parameter Sets forwithand},
  booktitle = {Topics in Cryptology - {CT-RSA} 2005, The Cryptographers' Track at
               the {RSA} Conference 2005, San Francisco, CA, USA, February 14-18,
               2005, Proceedings},
  pages     = {118--135},
  year      = {2005},
  crossref  = {DBLP:conf/ctrsa/2005},
  url       = {https://doi.org/10.1007/978-3-540-30574-3_10},
  doi       = {10.1007/978-3-540-30574-3_10},
  timestamp = {Tue, 30 May 2017 16:36:53 +0200},
  biburl    = {http://dblp.org/rec/bib/conf/ctrsa/Howgrave-GrahamSW05},
  bibsource = {dblp computer science bibliography, http://dblp.org}
}
@Inbook{Fujisaki1999,
author="Fujisaki, Eiichiro
and Okamoto, Tatsuaki",
editor="Wiener, Michael",
title="Secure Integration of Asymmetric and Symmetric Encryption Schemes",
bookTitle="Advances in Cryptology --- CRYPTO' 99: 19th Annual International Cryptology Conference Santa Barbara, California, USA, August 15--19, 1999 Proceedings",
year="1999",
publisher="Springer Berlin Heidelberg",
address="Berlin, Heidelberg",
pages="537--554",
abstract="This paper shows a generic and simple conversion from weak asymmetric and symmetric encryption schemes into an asymmetric encryption scheme which is secure in a very strong sense --- indistinguishability against adaptive chosen-ciphertext attacks in the random oracle model. In particular, this conversion can be applied efficiently to an asymmetric encryption scheme that provides a large enough coin space and, for every message, many enough variants of the encryption, like the ElGamal encryption scheme.",
isbn="978-3-540-48405-9",
doi="10.1007/3-540-48405-1_34",
url="https://doi.org/10.1007/3-540-48405-1_34"
}
@inproceedings{DBLP:conf/tcc/Rothblum11,
  author    = {Ron Rothblum},
  title     = {Homomorphic Encryption: From Private-Key to Public-Key},
  booktitle = {Theory of Cryptography - 8th Theory of Cryptography Conference, {TCC}
               2011, Providence, RI, USA, March 28-30, 2011. Proceedings},
  pages     = {219--234},
  year      = {2011},
  url       = {http://dx.doi.org/10.1007/978-3-642-19571-6_14},
  doi       = {10.1007/978-3-642-19571-6_14},
  timestamp = {Wed, 30 Mar 2011 13:43:54 +0200},
  biburl    = {http://dblp.uni-trier.de/rec/bib/conf/tcc/Rothblum11},
  bibsource = {dblp computer science bibliography, http://dblp.org}
}
@inproceedings{DBLP:conf/pqcrypto/HoffsteinPSSW14,
  author    = {Jeffrey Hoffstein and
               Jill Pipher and
               John M. Schanck and
               Joseph H. Silverman and
               William Whyte},
  title     = {Transcript Secure Signatures Based on Modular Lattices},
  booktitle = {Post-Quantum Cryptography - 6th International Workshop, PQCrypto 2014,
               Waterloo, ON, Canada, October 1-3, 2014. Proceedings},
  pages     = {142--159},
  year      = {2014},
  url       = {http://dx.doi.org/10.1007/978-3-319-11659-4_9},
  doi       = {10.1007/978-3-319-11659-4_9},
  timestamp = {Thu, 25 Sep 2014 13:25:45 +0200},
  biburl    = {http://dblp.uni-trier.de/rec/bib/conf/pqcrypto/HoffsteinPSSW14},
  bibsource = {dblp computer science bibliography, http://dblp.org}
}
@inproceedings{DBLP:conf/crypto/Howgrave-Graham07,
  author    = {Nick Howgrave-Graham},
  title     = {A Hybrid Lattice-Reduction and Meet-in-the-Middle Attack
               Against {NTRU}},
  booktitle = {CRYPTO},
  year      = {2007},
  pages     = {150-169},
  ee        = {http://dx.doi.org/10.1007/978-3-540-74143-5_9},
  bibsource = {DBLP, http://dblp.uni-trier.de}
}

@proceedings{DBLP:conf/crypto/2007,
  editor    = {Alfred Menezes},
  title     = {Advances in Cryptology - CRYPTO 2007, 27th Annual International
               Cryptology Conference, Santa Barbara, CA, USA, August 19-23,
               2007, Proceedings},
  booktitle = {CRYPTO},
  publisher = {Springer},
  series    = {Lecture Notes in Computer Science},
  volume    = {4622},
  year      = {2007},
  isbn      = {978-3-540-74142-8},
  bibsource = {DBLP, http://dblp.uni-trier.de}
}
@ARTICLE{IEEE_fp,
journal={IEEE Std 754-2008},
title={{IEEE} Standard for Floating-Point Arithmetic},
year={2008},
month={Aug},
pages={1-70},
keywords={IEEE standards;floating point arithmetic;programming;IEEE standard;arithmetic formats;computer programming;decimal floating-point arithmetic;754-2008;NaN;arithmetic;binary;computer;decimal;exponent;floating-point;format;interchange;number;rounding;significand;subnormal},
doi={10.1109/IEEESTD.2008.4610935},}
@incollection{BLISS,
year={2013},
isbn={978-3-642-40040-7},
booktitle={Advances in Cryptology – CRYPTO 2013},
volume={8042},
series={Lecture Notes in Computer Science},
editor={Canetti, Ran and Garay, JuanA.},
doi={10.1007/978-3-642-40041-4_3},
title={Lattice Signatures and Bimodal Gaussians},
url={http://dx.doi.org/10.1007/978-3-642-40041-4_3},
publisher={Springer Berlin Heidelberg},
author={Ducas,L{\'{e}}o and Durmus, Alain and Lepoint, Tancrède and Lyubashevsky, Vadim},
pages={40-56},
language={English}
}

@BOOK{Lovasz86,
  title = {An Algorithmic Theory of Numbers, Graphs and Convexity},
  publisher = {SIAM Publications},
  year = {1986},
  author = {L. {Lov\'asz}},
  volume = {50},
  series = {{CBMS}-{NSF} Regional Conference Series in Applied Mathematics},
  keywords = {Lattice Theory}
}


@BOOK{IrelandRosen,
  title = {A {C}lassical {I}ntroduction to {M}odern {N}umber {T}heory},
  publisher = {Springer-Verlag},
  year = {1990},
  author = {K. Ireland and M. Rosen}
}
@article{ProbPrime,
        author={Nymann,J. E.},
        year={1975},
        title={On the probability that k positive integers are relatively prime II},
        journal={Journal of Number Theory},
        volume={7},
        number={4},
        pages={406-412},
}

@misc{CantorZassenhaus,
    author = {Wikipedia, The Free Encyclopedia,},
    title = {The Cantor-Zassenhaus algorithm},
    year = {2015},
    note = {\url{https://en.wikipedia.org/wiki/Cantor-Zassenhaus_algorithm},},
}
@misc{cryptoeprint:2011:567,
    author = {Moon Sung Lee},
    title = {On the sparse subset sum problem from {Gentry-Halevi}'s implementation of fully homomorphic encryption},
    howpublished = {Cryptology ePrint Archive, Report 2011/567},
    year = {2011},
    note = {\url{http://eprint.iacr.org/}},
}
@inproceedings{DBLP:conf/eurocrypt/Coppersmith96a,
  author    = {Don Coppersmith},
  title     = {Finding a Small Root of a Bivariate Integer Equation; Factoring
               with High Bits Known},
  booktitle = {EUROCRYPT},
  year      = {1996},
  pages     = {178-189},
  ee        = {http://dx.doi.org/10.1007/3-540-68339-9_16},
  bibsource = {DBLP, http://dblp.uni-trier.de}
}
@inproceedings{DBLP:conf/eurocrypt/Coppersmith96,
  author    = {Don Coppersmith},
  title     = {Finding a Small Root of a Univariate Modular Equation},
  booktitle = {EUROCRYPT},
  year      = {1996},
  pages     = {155-165},
  ee        = {http://dx.doi.org/10.1007/3-540-68339-9_14},
  bibsource = {DBLP, http://dblp.uni-trier.de}
}

@misc{mpfr_lib,
    title = {{mpfr library}},
    howpublished = {online},
	type = {C++ library},
	edition = {mpfr-3.1.2},
    note = {\url{http://www.mpfr.org/}},
}
@inproceedings{cryptoeprint:2010:560,
    author = {J. Loftus and A. May and  N.P. Smart and F. Vercauteren},
    title = {On {CCA-Secure} Fully Homomorphic Encryption},

     booktitle = {Selected Areas in Cryptography},
  year      = {2011},

}
   @article{ecc1987,
     jstor_articletype = {research-article},
     title = {Elliptic Curve Cryptosystems},
     author = {Koblitz, Neal},
     journal = {Mathematics of Computation},
     jstor_issuetitle = {},
     volume = {48},
     number = {177},
     jstor_formatteddate = {Jan., 1987},
     pages = {pp. 203-209},
     url = {http://www.jstor.org/stable/2007884},
     ISSN = {00255718},
     abstract = {We discuss analogs based on elliptic curves over finite fields of public key cryptosystems which use the multiplicative group of a finite field. These elliptic curve cryptosystems may be more secure, because the analog of the discrete logarithm problem on elliptic curves is likely to be harder than the classical discrete logarithm problem, especially over $\operatorname{GF}(2^n)$. We discuss the question of primitive points on an elliptic curve modulo $p$, and give a theorem on nonsmoothness of the order of the cyclic subgroup generated by a global point.},
     language = {English},
     year = {1987},
     publisher = {American Mathematical Society},
     copyright = {Copyright © 1987 American Mathematical Society},
    }
@article{DBLP:journals/cc/CosterJLOSS92,
  author    = {Matthijs J. Coster and
               Antoine Joux and
               Brian A. LaMacchia and
               Andrew M. Odlyzko and
               Claus-Peter Schnorr and
               Jacques Stern},
  title     = {Improved Low-Density Subset Sum Algorithms},
  journal   = {Computational Complexity},
  volume    = {2},
  year      = {1992},
  pages     = {111-128},
  ee        = {http://dx.doi.org/10.1007/BF01201999},
  bibsource = {DBLP, http://dblp.uni-trier.de}
}

@article{DBLP:journals/mp/SchnorrE941,
  author    = {Claus-Peter Schnorr and
               M. Euchner},
  title     = {Lattice basis reduction: Improved practical algorithms and
               solving subset sum problems},
  journal   = {Math. Program.},
  volume    = {66},
  year      = {1994},
  pages     = {181-199},
  ee        = {http://dx.doi.org/10.1007/BF01581144},
  bibsource = {DBLP, http://dblp.uni-trier.de}
}
@inproceedings{DBLP:conf/ants/Shor94,
  author    = {Peter W. Shor},
  title     = {Polynominal time algorithms for discrete logarithms and
               factoring on a quantum computer},
  booktitle = {ANTS},
  year      = {1994},
  pages     = {289},
  bibsource = {DBLP, http://dblp.uni-trier.de}
}

@inproceedings{DBLP:conf/ants/HoffsteinPS98,
  author    = {Jeffrey Hoffstein and
               Jill Pipher and
               Joseph H. Silverman},
  title     = {{NTRU}: A Ring-Based Public Key Cryptosystem},
  booktitle = {ANTS},
  year      = {1998},
  pages     = {267-288},
  ee        = {http://dx.doi.org/10.1007/BFb0054868},
  bibsource = {DBLP, http://dblp.uni-trier.de}
}
@inproceedings{DBLP:conf/ctrsa/Howgrave-GrahamSW05,
  author    = {Nick Howgrave{-}Graham and
               Joseph H. Silverman and
               William Whyte},
  title     = {Choosing Parameter Sets for NTRUEncrypt with NAEP and SVES-3},
  booktitle = {Topics in Cryptology - {CT-RSA} 2005, The Cryptographers' Track at
               the {RSA} Conference 2005, San Francisco, CA, USA, February 14-18,
               2005, Proceedings},
  year      = {2005},
  pages     = {118--135},
  url       = {http://dx.doi.org/10.1007/978-3-540-30574-3_10},
  doi       = {10.1007/978-3-540-30574-3_10},
  timestamp = {Fri, 24 Oct 2014 17:39:11 +0200},
  biburl    = {http://dblp.uni-trier.de/rec/bib/conf/ctrsa/Howgrave-GrahamSW05},
  bibsource = {dblp computer science bibliography, http://dblp.org}
}
@inproceedings{DBLP:conf/acns/HirschhornHHW09,
  author    = {Philip S. Hirschhorn and
               Jeffrey Hoffstein and
               Nick Howgrave{-}Graham and
               William Whyte},
  title     = {Choosing {NTRUEncrypt} Parameters in Light of Combined Lattice Reduction
               and {MITM} Approaches},
  booktitle = {Applied Cryptography and Network Security, 7th International Conference,
               {ACNS} 2009, Paris-Rocquencourt, France, June 2-5, 2009. Proceedings},
  year      = {2009},
  pages     = {437--455},
  url       = {http://dx.doi.org/10.1007/978-3-642-01957-9_27},
  doi       = {10.1007/978-3-642-01957-9_27},
  timestamp = {Fri, 24 Oct 2014 17:38:37 +0200},
  biburl    = {http://dblp.uni-trier.de/rec/bib/conf/acns/HirschhornHHW09},
  bibsource = {dblp computer science bibliography, http://dblp.org}
}
@inproceedings{DBLP:conf/eurocrypt/CoppersmithS97,
  author    = {Don Coppersmith and
               Adi Shamir},
  title     = {Lattice Attacks on {NTRU}},
  booktitle = {EUROCRYPT},
  year      = {1997},
  pages     = {52-61},
  ee        = {http://dx.doi.org/10.1007/3-540-69053-0_5},
  bibsource = {DBLP, http://dblp.uni-trier.de}
}

@misc{cryptoeprint:2010:305,
    author = {Marten van Dijk and Ari Juels},
    title = {On the Impossibility of Cryptography Alone for Privacy-Preserving Cloud Computing},
    howpublished = {Cryptology ePrint Archive, Report 2010/305},
    year = {2010},
    note = {\url{http://eprint.iacr.org/}},
}
@inproceedings{DBLP:conf/eurocrypt/CoronNT12,
  author    = {Jean-S{\'e}bastien Coron and
               David Naccache and
               Mehdi Tibouchi},
  title     = {Public Key Compression and Modulus Switching for Fully Homomorphic
               Encryption over the Integers},
  booktitle = {EUROCRYPT},
  year      = {2012},
  pages     = {446-464},
  ee        = {http://dx.doi.org/10.1007/978-3-642-29011-4_27},
  bibsource = {DBLP, http://dblp.uni-trier.de}
}

@inproceedings{goldmayer91,
  author    = {Daniel Goldstein and Andrew Mayer},
  title     = {On the equidistribution of Hecke points},
  booktitle = {Forum Mathematicum.},
  volume    =	{15},
 issue = {2},

  year      = {2006},
  pages     = {165-189},
}
@article{DBLP:journals/cc/Micciancio07,
  author    = {Daniele Micciancio},
  title     = {Generalized Compact Knapsacks, Cyclic Lattices, and Efficient
               One-Way Functions},
  journal   = {Computational Complexity},
  volume    = {16},
  number    = {4},
  year      = {2007},
  pages     = {365-411},
  ee        = {http://dx.doi.org/10.1007/s00037-007-0234-9},
  bibsource = {DBLP, http://dblp.uni-trier.de}
}
@book{Nguyen:2009:LAS:1721900,
 author = {Nguyen, Phong Q. and Vall{\'e}e, Brigitte},
 title = {The LLL Algorithm: Survey and Applications},
 year = {2009},
 isbn = {3642022944, 9783642022944},
 edition = {1st},
 publisher = {Springer Publishing Company, Incorporated},
}
@article{knapsacksurvey,
  author    = {Ming Kin Lai},
  title     = {Knapsack Cryptosystems: The Past and the Future},
  year      = {2001},
  ee        = {http://www.ics.uci.edu/~mingl/knapsack.html},

}
@inproceedings{DBLP:conf/coco/Karp72,
  author    = {Richard M. Karp},
  title     = {Reducibility Among Combinatorial Problems},
  booktitle = {Complexity of Computer Computations},
  year      = {1972},
  pages     = {85-103},
  ee        = {http://www.cs.berkeley.edu/$\sim$luca/cs172/karp.pdf},
  bibsource = {DBLP, http://dblp.uni-trier.de}
}
@article{DBLP:journals/jacm/LagariasO85,
  author    = {J. C. Lagarias and
               Andrew M. Odlyzko},
  title     = {Solving Low-Density Subset Sum Problems},
  journal   = {J. ACM},
  volume    = {32},
  number    = {1},
  year      = {1985},
  pages     = {229-246},
  ee        = {http://doi.acm.org/10.1145/2455.2461},
  bibsource = {DBLP, http://dblp.uni-trier.de}
}

@inproceedings{DBLP:conf/ima/SchollS11,
  author    = {Peter Scholl and
               Nigel P. Smart},
  title     = {Improved Key Generation for Gentry's Fully Homomorphic Encryption
               Scheme},
  booktitle = {IMA Int. Conf.},
  year      = {2011},
  pages     = {10-22},
  ee        = {http://dx.doi.org/10.1007/978-3-642-25516-8_2},
  bibsource = {DBLP, http://dblp.uni-trier.de}
}
@incollection{BCJ11,
year={2011},
isbn={978-3-642-20464-7},
booktitle={Advances in Cryptology – EUROCRYPT 2011},
volume={6632},
series={Lecture Notes in Computer Science},
editor={Paterson, KennethG.},
doi={10.1007/978-3-642-20465-4_21},
title={Improved Generic Algorithms for Hard Knapsacks},
url={http://dx.doi.org/10.1007/978-3-642-20465-4_21},
publisher={Springer Berlin Heidelberg},
author={Becker, Anja and Coron, Jean-Sébastien and Joux, Antoine},
pages={364-385},
language={English}
}
@incollection{HJ10,
year={2010},
isbn={978-3-642-13189-9},
booktitle={Advances in Cryptology – EUROCRYPT 2010},
volume={6110},
series={Lecture Notes in Computer Science},
editor={Gilbert, Henri},
doi={10.1007/978-3-642-13190-5_12},
title={New Generic Algorithms for Hard Knapsacks},
url={http://dx.doi.org/10.1007/978-3-642-13190-5_12},
publisher={Springer Berlin Heidelberg},
author={Howgrave-Graham, Nick and Joux, Antoine},
pages={235-256},
language={English}
}
@inproceedings{DBLP:conf/crypto/Nguyen99,
  author    = {Phong Q. Nguyen},
  title     = {Cryptanalysis of the {G}oldreich-{G}oldwasser-{H}alevi Cryptosystem
               from Crypto '97},
  booktitle = {CRYPTO},
  year      = {1999},
  pages     = {288-304},
  ee        = {http://dx.doi.org/10.1007/3-540-48405-1_18},
  bibsource = {DBLP, http://dblp.uni-trier.de}
}
@inproceedings{DBLP:conf/asiacrypt/ChenN11,
  author    = {Yuanmi Chen and
               Phong Q. Nguyen},
  title     = {{BKZ} 2.0: Better Lattice Security Estimates},
  booktitle = {ASIACRYPT},
  year      = {2011},
  pages     = {1-20},
  ee        = {http://dx.doi.org/10.1007/978-3-642-25385-0_1},
  bibsource = {DBLP, http://dblp.uni-trier.de}
}
@inproceedings{DBLP:conf/eurocrypt/ChenN12,
  author    = {Yuanmi Chen and
               Phong Q. Nguyen},
  title     = {Faster Algorithms for Approximate Common Divisors: Breaking
               Fully-Homomorphic-Encryption Challenges over the Integers},
  booktitle = {EUROCRYPT},
  year      = {2012},
  pages     = {502-519},
  ee        = {http://dx.doi.org/10.1007/978-3-642-29011-4_30},
  bibsource = {DBLP, http://dblp.uni-trier.de}
}


@inproceedings{DBLP:conf/codcry/HanrotPS11,
  author    = {Guillaume Hanrot and
               Xavier Pujol and
               Damien Stehl{\'e}},
  title     = {Algorithms for the Shortest and Closest Lattice Vector Problems},
  booktitle = {IWCC},
  year      = {2011},
  pages     = {159-190},
  ee        = {http://dx.doi.org/10.1007/978-3-642-20901-7_10},
  bibsource = {DBLP, http://dblp.uni-trier.de}
}


@article{DBLP:journals/jal/Schnorr88,
  author    = {Claus-Peter Schnorr},
  title     = {A More Efficient Algorithm for Lattice Basis Reduction},
  journal   = {J. Algorithms},
  volume    = {9},
  number    = {1},
  year      = {1988},
  pages     = {47-62},
  ee        = {http://dx.doi.org/10.1016/0196-6774(88)90004-1},
  bibsource = {DBLP, http://dblp.uni-trier.de}
}

@inproceedings{DBLP:conf/asiacrypt/NguyenS05,
  author    = {Phong Q. Nguyen and
               Jacques Stern},
  title     = {Adapting Density Attacks to Low-Weight Knapsacks},
  booktitle = {ASIACRYPT},
  year      = {2005},
  pages     = {41-58},
  ee        = {http://dx.doi.org/10.1007/11593447_3},
  bibsource = {DBLP, http://dblp.uni-trier.de}
}
@article{DBLP:journals/iacr/HanrotPS11,
  author    = {Guillaume Hanrot and
               Xavier Pujol and
               Damien Stehl{\'e}},
  title     = {Terminating BKZ},
  journal   = {IACR Cryptology ePrint Archive},
  volume    = {2011},
  year      = {2011},
  pages     = {198},
  ee        = {http://eprint.iacr.org/2011/198},
  bibsource = {DBLP, http://dblp.uni-trier.de}
}
@inproceedings{DBLP:conf/tcc/LyubashevskyM08,
  author    = {Vadim Lyubashevsky and
               Daniele Micciancio},
  title     = {Asymptotically Efficient Lattice-Based Digital Signatures},
  booktitle = {TCC},
  year      = {2008},
  pages     = {37-54},
  ee        = {http://dx.doi.org/10.1007/978-3-540-78524-8_3},
  bibsource = {DBLP, http://dblp.uni-trier.de}
}


@BOOK{Minkowski1896,
  title = {Geometrie der Zahlen},
  publisher = {B. G. Teubner},
  year = {1896},
  author = {H. Minkowski},
  address = {Leipzig},
  keywords = {Lattice Theory}
}
@ARTICLE{LenLenLov82,
  author = {A. K. Lenstra and H. W. Lenstra and L. {Lov\'asz}},
  title = {Factoring polynomials with rational coefficients},
  journal = {Mathematische Annalen, Springer-Verlag},
  year = {1982},
  volume = {261},
  pages = {513--534},
  keywords = {Lattice Theory, SVP, SVP 2, euclidian norm, {LLL}}
}

@inproceedings{DBLP:conf/stoc/Gentry09,
  author    = {Craig Gentry},
  title     = {Fully homomorphic encryption using ideal lattices},
  booktitle = {STOC},
  year      = {2009},
  pages     = {169-178},
  ee        = {http://doi.acm.org/10.1145/1536414.1536440},
  bibsource = {DBLP, http://dblp.uni-trier.de}
}
@inproceedings{DBLP:conf/crypto/Wagner02,
  author    = {David Wagner},
  title     = {A Generalized Birthday Problem},
  booktitle = {Advances in Cryptology - {CRYPTO} 2002, 22nd Annual International
               Cryptology Conference, Santa Barbara, California, USA, August 18-22,
               2002, Proceedings},
  year      = {2002},
  pages     = {288--303},
  url       = {http://dx.doi.org/10.1007/3-540-45708-9_19},
  doi       = {10.1007/3-540-45708-9_19},
  timestamp = {Tue, 28 Oct 2014 16:05:20 +0100},
  biburl    = {http://dblp.uni-trier.de/rec/bib/conf/crypto/Wagner02},
  bibsource = {dblp computer science bibliography, http://dblp.org}
}

@BOOK{MicGol02,
  title = {Complexity of Lattice Problems, A Cryptographic Perspective},
  publisher = {Kluwer Academic Publishers},
  year = {2002},
  author = {D. Micciancio and S. Goldwasser},
  keywords = {cryptography, lattice}
}



@PhDThesis{Gentrythesis,
	school = {Stanford University},
	year = {2009},
	title = {A Fully Homomorphic Encyrption Scheme},
	month = {September},
	author = {Craig Gentry}
}
@inproceedings{DBLP:conf/pkc/SmartV10,
  author    = {Nigel P. Smart and
               Frederik Vercauteren},
  title     = {Fully Homomorphic Encryption with Relatively Small Key and
               Ciphertext Sizes},
  booktitle = {Public Key Cryptography},
  year      = {2010},
  pages     = {420-443},
  ee        = {http://dx.doi.org/10.1007/978-3-642-13013-7_25},
  bibsource = {DBLP, http://dblp.uni-trier.de}
}


@inproceedings{DBLP:conf/eurocrypt/DGHV10,
  author    = {Marten van Dijk and
               Craig Gentry and
               Shai Halevi and
               Vinod Vaikuntanathan},
  title     = {Fully Homomorphic Encryption over the Integers},
  booktitle = {EUROCRYPT},
  year      = {2010},
  pages     = {24-43},
  ee        = {http://dx.doi.org/10.1007/978-3-642-13190-5_2},
  bibsource = {DBLP, http://dblp.uni-trier.de}
}


@article{DBLP:journals/cacm/RivestSA78,
  author    = {Ronald L. Rivest and
               Adi Shamir and
               Leonard M. Adleman},
  title     = {A Method for Obtaining Digital Signatures and Public-Key
               Cryptosystems},
  journal   = {Commun. ACM},
  volume    = {21},
  number    = {2},
  year      = {1978},
  pages     = {120-126},
  bibsource = {DBLP, http://dblp.uni-trier.de}
}
@inproceedings{RivestAD78,
    author = {Rivest, R. and Adleman, L. and Dertouzos, M.},
    booktitle = {Foundations of Secure Computation},
    pages = {169--177},
    publisher = {Academic Press},
    title = {On data banks and privacy homomorphisms},
    year = {1978}
}
@INPROCEEDINGS{NguSte06,
  author = {P. Q. Nguyen and D. Stehle},
  title = {{LLL} on the Average},
  booktitle = {7th International Symposium on Algorithmic Number Theory (ANTS 2006)},
  year = {2006},
  pages = {238-256},
  keywords = {Lattice Theory, {LLL}, SVP, SVP 2, euclidian norm},
  pdf = {/home/thomaspl/Keep/Pdf/NguSte06.pdf}
}
@incollection{DBLP:series/isc/Stehle10,
  author    = {Damien Stehl{\'e}},
  title     = {Floating-Point LLL: Theoretical and Practical Aspects},
  booktitle = {The LLL Algorithm},
  year      = {2010},
  pages     = {179-213},
  ee        = {http://dx.doi.org/10.1007/978-3-642-02295-1_5},
  bibsource = {DBLP, http://dblp.uni-trier.de}
}
@book{DBLP:series/isc/364202294,
  editor    = {Phong Q. Nguyen and
               Brigitte Vall{\'e}e},
  title     = {The LLL Algorithm - Survey and Applications},
  publisher = {Springer},
  series    = {Information Security and Cryptography},
  year      = {2010},
  isbn      = {978-3-642-02294-4},
  ee        = {http://dx.doi.org/10.1007/978-3-642-02295-1},
  bibsource = {DBLP, http://dblp.uni-trier.de}
}

@inproceedings{DBLP:conf/stoc/NovocinSV11,
  author    = {Andrew Novocin and
               Damien Stehl{\'e} and
               Gilles Villard},
  title     = {An {LLL}-reduction algorithm with quasi-linear time complexity:
               extended abstract},
  booktitle = {STOC},
  year      = {2011},
  pages     = {403-412},
  ee        = {http://doi.acm.org/10.1145/1993636.1993691},
  bibsource = {DBLP, http://dblp.uni-trier.de}
}


@inproceedings{DBLP:conf/calc/KoyS01a,
  author    = {Henrik Koy and
               Claus-Peter Schnorr},
  title     = {Segment {LLL}-Reduction with Floating Point Orthogonalization},
  booktitle = {CaLC},
  year      = {2001},
  pages     = {81-96},
  ee        = {http://dx.doi.org/10.1007/3-540-44670-2_8},
  bibsource = {DBLP, http://dblp.uni-trier.de}
}
@inproceedings{DBLP:conf/calc/KoyS01,
  author    = {Henrik Koy and
               Claus-Peter Schnorr},
  title     = {Segment LLL-Reduction of Lattice Bases},
  booktitle = {CaLC},
  year      = {2001},
  pages     = {67-80},
  ee        = {http://dx.doi.org/10.1007/3-540-44670-2_7},
  bibsource = {DBLP, http://dblp.uni-trier.de}
}
@article{DBLP:journals/corr/abs-1002-0739,
  author    = {Mark van Hoeij and
               Andrew Novocin},
  title     = {Gradual sub-lattice reduction and a new complexity for factoring
               polynomials},
  journal   = {CoRR},
  volume    = {abs/1002.0739},
  year      = {2010},
  ee        = {http://arxiv.org/abs/1002.0739},
  bibsource = {DBLP, http://dblp.uni-trier.de}
}


@article{DBLP:journals/iandc/Schnorr06,
  author    = {Claus-Peter Schnorr},
  title     = {Fast {LLL}-type lattice reduction},
  journal   = {Inf. Comput.},
  volume    = {204},
  number    = {1},
  year      = {2006},
  pages     = {1-25},
  ee        = {http://dx.doi.org/10.1016/j.ic.2005.04.004},
  bibsource = {DBLP, http://dblp.uni-trier.de}
}
@inproceedings{MorSteVil09,
  author    = {I. Morel and
               D. Stehle and
               G. Villard},
  title     = {H-LLL: using householder inside LLL},
  booktitle = {ISSAC},
  year      = {2009},
  pages     = {271-278},
  keywords = {Lattice Theory,cryptanlaysis, ,LBC, LLL, lattice reduction,SVP},
  pdf = {/home/thomaspl/Keep/Pdf/MorSteVil09.pdf}
}

@INPROCEEDINGS{NguSte05,
  author = {P. Q. Nguyen and D. Stehle},
  title = {Floating-Point {LLL} Revisited},
  booktitle = {Advances in Cryptology - Eurocrypt 2005, Lecture Notes in Computer
	Science 3494, Springer-Verlag},
  year = {2005},
  pages = {215-233},
  keywords = {Lattice Theory, {LLL}, SVP, SVP 2, euclidian norm, floating-point},
  pdf = {/home/thomaspl/Keep/Pdf/NguSte05.pdf}
}
@inproceedings{DBLP:conf/calc/Howgrave-Graham01,
  author    = {Nick Howgrave-Graham},
  title     = {Approximate Integer Common Divisors},
  booktitle = {CaLC},
  year      = {2001},
  pages     = {51-66},
  ee        = {http://link.springer.de/link/service/series/0558/bibs/2146/21460051.htm},
  bibsource = {DBLP, http://dblp.uni-trier.de}
}


@inproceedings{DBLP:conf/crypto/Gentry10,
  author    = {Craig Gentry},
  title     = {Toward Basing Fully Homomorphic Encryption on Worst-Case
               Hardness},
  booktitle = {CRYPTO},
  year      = {2010},
  pages     = {116-137},
  ee        = {http://dx.doi.org/10.1007/978-3-642-14623-7_7},
  bibsource = {DBLP, http://dblp.uni-trier.de}
}


@inproceedings{DBLP:conf/crypto/GentryHV10,
  author    = {Craig Gentry and
               Shai Halevi and
               Vinod Vaikuntanathan},
  title     = {{$i$-Hop Homomorphic Encryption and Rerandomizable Yao
               Circuits}},
  booktitle = {CRYPTO},
  year      = {2010},
  pages     = {155-172},
  ee        = {http://dx.doi.org/10.1007/978-3-642-14623-7_9},
  bibsource = {DBLP, http://dblp.uni-trier.de}
}


@inproceedings{DBLP:conf/crypto/LyubashevskyM09,
  author    = {Vadim Lyubashevsky and
               Daniele Micciancio},
  title     = {On Bounded Distance Decoding, Unique Shortest Vectors, and
               the Minimum Distance Problem},
  booktitle = {CRYPTO},
  year      = {2009},
  pages     = {577-594},
  ee        = {http://dx.doi.org/10.1007/978-3-642-03356-8_34},
  bibsource = {DBLP, http://dblp.uni-trier.de}
}

@misc{fplll_lib,
    author = {Xavier Pujol and
	Damien Stehle and
David Cade},
    title = {{fplll library}},
    howpublished = {online},
	type = {C++ library},
	edition = {fplll-3.1},
    note = {\url{http://perso.ens-lyon.fr/xavier.pujol/fplll/}},
}
@misc{NTL_lib,
    author = {Victor Shoup},
    title = {{NTL - A Library for Doing Number Theory}},
    howpublished = {online},
	type = {C++ library},
	edition = {ntl-5.5.2},
    note = {\url{http://www.shoup.net/ntl/index.html}},
}

@inproceedings{DBLP:conf/approx/LiuLM06,
  author    = {Yi-Kai Liu and
               Vadim Lyubashevsky and
               Daniele Micciancio},
  title     = {On Bounded Distance Decoding for General Lattices},
  booktitle = {APPROX-RANDOM},
  year      = {2006},
  pages     = {450-461},
  ee        = {http://dx.doi.org/10.1007/11830924_41},
  bibsource = {DBLP, http://dblp.uni-trier.de}
}

@inproceedings{DBLP:conf/calc/NguyenS01,
  author    = {Phong Q. Nguyen and
               Jacques Stern},
  title     = {The Two Faces of Lattices in Cryptology},
  booktitle = {CaLC},
  year      = {2001},
  pages     = {146-180},
  ee        = {http://link.springer.de/link/service/series/0558/bibs/2146/21460146.htm},
  bibsource = {DBLP, http://dblp.uni-trier.de}
}
@book{post_quantum_crypto,
 author = {Bernstein, Daniel J. and Buchmann, Johannes and Dahmen, Erik},
 title = {Post Quantum Cryptography},
 year = {2008},
 isbn = {3540887016, 9783540887010},
 publisher = {Springer Publishing Company, Incorporated}
 }
@incollection{MQ_PKC,
author = {Jintai Ding and
	Bo Yin Yang},
title = {Multivariate Public Key Cryptography},
booktitle = {Post Quantum Cryptography},
year = {2008},
pages = {193-242},
 publisher = {Springer Publishing Company, Incorporated},
 }
@inproceedings{DBLP:conf/crypto/HaleviS14,
  author    = {Shai Halevi and
               Victor Shoup},
  title     = {Algorithms in HElib},
  booktitle = {Advances in Cryptology - {CRYPTO} 2014 - 34th Annual Cryptology Conference,
               Santa Barbara, CA, USA, August 17-21, 2014, Proceedings, Part {I}},
  year      = {2014},
  pages     = {554--571},
  url       = {http://dx.doi.org/10.1007/978-3-662-44371-2_31},
  doi       = {10.1007/978-3-662-44371-2_31},
  timestamp = {Fri, 24 Oct 2014 16:34:22 +0200},
  biburl    = {http://dblp.uni-trier.de/rec/bib/conf/crypto/HaleviS14},
  bibsource = {dblp computer science bibliography, http://dblp.org}
}

@article{MAGMA,
  author    = {Wieb Bosma and John Cannon and Catherine Playoust},
  title     = {The {Magma} algebra system. {I}. The user language.},
  journal   = {J. Symbolic Comput.},
  volume    = {24},
  number    = {3-4},
  year      = {1997},
  pages     = {235-265},
}

@inproceedings{DBLP:conf/crypto/GoldreichGH97a,
  author    = {Oded Goldreich and
               Shafi Goldwasser and
               Shai Halevi},
  title     = {Public-Key Cryptosystems from Lattice Reduction Problems},
  booktitle = {CRYPTO},
  year      = {1997},
  pages     = {112-131},
  ee        = {http://dx.doi.org/10.1007/BFb0052231},
  bibsource = {DBLP, http://dblp.uni-trier.de}
}

@inproceedings{DBLP:conf/asiacrypt/StehleS10,
  author    = {Damien Stehl{\'e} and
               Ron Steinfeld},
  title     = {Faster Fully Homomorphic Encryption},
  booktitle = {ASIACRYPT},
  year      = {2010},
  pages     = {377-394},
  ee        = {http://dx.doi.org/10.1007/978-3-642-17373-8_22},
  bibsource = {DBLP, http://dblp.uni-trier.de}
}

@inproceedings{DBLP:conf/eurocrypt/GentryH11,
  author    = {Craig Gentry and
               Shai Halevi},
  title     = {Implementing {Gentry's} Fully-Homomorphic Encryption Scheme},
  booktitle = {EUROCRYPT},
  year      = {2011},
  pages     = {129-148},
  ee        = {http://dx.doi.org/10.1007/978-3-642-20465-4_9},
  bibsource = {DBLP, http://dblp.uni-trier.de}
}

@article{DBLP:journals/jcss/GoldwasserM84,
  author    = {Shafi Goldwasser and
               Silvio Micali},
  title     = {Probabilistic Encryption},
  journal   = {J. Comput. Syst. Sci.},
  volume    = {28},
  number    = {2},
  year      = {1984},
  pages     = {270-299},
  bibsource = {DBLP, http://dblp.uni-trier.de}
}


@inproceedings{DBLP:conf/crypto/BellareDPR98,
  author    = {Mihir Bellare and
               Anand Desai and
               David Pointcheval and
               Phillip Rogaway},
  title     = {Relations Among Notions of Security for Public-Key Encryption
               Schemes},
  booktitle = {CRYPTO},
  year      = {1998},
  pages     = {26-45},
  ee        = {http://dx.doi.org/10.1007/BFb0055718},
  bibsource = {DBLP, http://dblp.uni-trier.de}
}
@INPROCEEDINGS{HanSte07,
  author = {G. Hanrot and D. Stehle},
  title = {Improved Analysis of {K}annan's Shortest Lattice Vector Algorithm},
  booktitle = {Proc.\ CRYPTO 07},
  year = {2007},
  keywords = {Lattice Theory, SVP,CVP,Kannan},
  pdf = {/home/thomaspl/Keep/Pdf/HanSte07.pdf}
}
@INPROCEEDINGS{BloNae07,
  author = {J. Bl{\"o}mer and S. Naewe},
  title = {Sampling Methods for Shortest Vectors, Closest Vectors and Successive
	Minima},
  booktitle = {ICALP},
  year = {2007},
  pages = {65-77},
  keywords = {Lattice Theory, SVP, CVP},
  pdf = {/home/thomaspl/Keep/Pdf/BloNae07.pdf}
}
@inproceedings{DBLP:conf/codcry/HanrotPS11,
  author    = {Guillaume Hanrot and
               Xavier Pujol and
               Damien Stehl{\'e}},
  title     = {Algorithms for the Shortest and Closest Lattice Vector Problems},
  booktitle = {IWCC},
  year      = {2011},
  pages     = {159-190},
  ee        = {http://dx.doi.org/10.1007/978-3-642-20901-7_10},
  bibsource = {DBLP, http://dblp.uni-trier.de}
}
@proceedings{DBLP:conf/codcry/2011,
  editor    = {Yeow Meng Chee and
               Zhenbo Guo and
               San Ling and
               Fengjing Shao and
               Yuansheng Tang and
               Huaxiong Wang and
               Chaoping Xing},
  title     = {Coding and Cryptology - Third International Workshop, IWCC
               2011, Qingdao, China, May 30-June 3, 2011. Proceedings},
  booktitle = {IWCC},
  publisher = {Springer},
  series    = {Lecture Notes in Computer Science},
  volume    = {6639},
  year      = {2011},
  isbn      = {978-3-642-20900-0},
  ee        = {http://dx.doi.org/10.1007/978-3-642-20901-7},
  bibsource = {DBLP, http://dblp.uni-trier.de}
}
@article{DBLP:journals/eccc/ECCC-TR00-074,
  author    = {Daniele Micciancio and
               Bogdan Warinschi},
  title     = {A Linear Space Algorithm for Computing the Hermite Normal
               Form},
  journal   = {Electronic Colloquium on Computational Complexity (ECCC)},
  volume    = {7},
  number    = {74},
  year      = {2000},
  ee        = {http://eccc.hpi-web.de/eccc-reports/2000/TR00-074/index.html},
  bibsource = {DBLP, http://dblp.uni-trier.de}
}

@INPROCEEDINGS{Ajtai98,
  author = {M. Ajtai},
  title = {The Shortest Vector Problem in {\it $l_{\mbox{2}}$} is {NP}-hard
	for Randomized Reductions (Extended Abstract)},
  booktitle = {Thirtieth Annual ACM Symposium on the Theory of Computing (STOC 1998)},
  year = {1998},
  pages = {10-19},
  keywords = {Lattice Theory, Complexity, SVP, SVP 2, euclidian norm},
  pdf = {/home/thomaspl/Keep/Pdf/Ajtai98.pdf}
}



@inproceedings{DBLP:journals/eccc/BrakerskiGV11,
  author    = {Zvika Brakerski and
               Craig Gentry and
               Vinod Vaikuntanathan},
  title     = {(Leveled) fully homomorphic encryption without bootstrapping},
  booktitle = {ITCS},
  year      = {2012},
  pages     = {309-325},
  ee        = {http://doi.acm.org/10.1145/2090236.2090262},
  bibsource = {DBLP, http://dblp.uni-trier.de}
}


@book{textbook:statistics,
    author = {Georgii, Hans-Otto},
    day = {27},
    edition = {1},
    howpublished = {Paperback},
    isbn = {3110191458},
    month = feb,
    posted-at = {2011-04-22 18:07:57},
    priority = {2},
    publisher = {Walter de Gruyter},
    title = {Stochastics: Introduction to Probability and Statistics (de Gruyter Textbook)},
    url = {http://www.amazon.com/exec/obidos/redirect?tag=citeulike07-20\&path=ASIN/3110191458},
    year = {2008}
}


@inproceedings{DBLP:conf/crypto/CoronMNT11,
  author    = {Jean-S{\'e}bastien Coron and
               Avradip Mandal and
               David Naccache and
               Mehdi Tibouchi},
  title     = {Fully Homomorphic Encryption over the Integers with Shorter
               Public Keys},
  booktitle = {CRYPTO},
  year      = {2011},
  pages     = {487-504},
  ee        = {http://dx.doi.org/10.1007/978-3-642-22792-9_28},
  bibsource = {DBLP, http://dblp.uni-trier.de}
}




@inproceedings{DBLP:conf/crypto/BrakerskiV11,
  author    = {Zvika Brakerski and
               Vinod Vaikuntanathan},
  title     = {Fully Homomorphic Encryption from {Ring-LWE} and Security
               for Key Dependent Messages},
  booktitle = {CRYPTO},
  year      = {2011},
  pages     = {505-524},
  ee        = {http://dx.doi.org/10.1007/978-3-642-22792-9_29},
  bibsource = {DBLP, http://dblp.uni-trier.de}
}

@inproceedings{DBLP:conf/crypto/GennaroGP10,
  author    = {Rosario Gennaro and
               Craig Gentry and
               Bryan Parno},
  title     = {Non-interactive Verifiable Computing: Outsourcing Computation
               to Untrusted Workers},
  booktitle = {CRYPTO},
  year      = {2010},
  pages     = {465-482},
  ee        = {http://dx.doi.org/10.1007/978-3-642-14623-7_25},
  bibsource = {DBLP, http://dblp.uni-trier.de}
}


@inproceedings{DBLP:conf/icics/HallGS99,
  author    = {Chris Hall and
               Ian Goldberg and
               Bruce Schneier},
  title     = {Reaction Attacks against several Public-Key Cryptosystems},
  booktitle = {ICICS},
  year      = {1999},
  pages     = {2-12},
  ee        = {http://dx.doi.org/10.1007/978-3-540-47942-0_2},
  bibsource = {DBLP, http://dblp.uni-trier.de}
}
@article{DBLP:journals/cacm/Gentry10,
  author    = {Craig Gentry},
  title     = {Computing arbitrary functions of encrypted data},
  journal   = {Commun. ACM},
  volume    = {53},
  number    = {3},
  year      = {2010},
  pages     = {97-105},
  ee        = {http://doi.acm.org/10.1145/1666420.1666444},
  bibsource = {DBLP, http://dblp.uni-trier.de}
}
@article{DBLP:journals/combinatorica/Babai86,
  author    = {L{\'{a}}szl{\'{o}} Babai},
  title     = {On Lov{\'{a}}sz' lattice reduction and the nearest lattice point
               problem},
  journal   = {Combinatorica},
  year      = {1986},
  volume    = {6},
  number    = {1},
  pages     = {1--13},
  url       = {http://dx.doi.org/10.1007/BF02579403},
  doi       = {10.1007/BF02579403},
  timestamp = {Fri, 24 Oct 2014 19:10:35 +0200},
  biburl    = {http://dblp.uni-trier.de/rec/bib/journals/combinatorica/Babai86},
  bibsource = {dblp computer science bibliography, http://dblp.org}
}

@inproceedings{DBLP:conf/pkc/GentryHS12,
  author    = {Craig Gentry and
               Shai Halevi and
               Nigel P. Smart},
  title     = {Better Bootstrapping in Fully Homomorphic Encryption},
  booktitle = {Public Key Cryptography},
  year      = {2012},
  pages     = {1-16},
  ee        = {http://dx.doi.org/10.1007/978-3-642-30057-8_1},
  bibsource = {DBLP, http://dblp.uni-trier.de}
}
@inproceedings{Gama:2008:PLR:1788414.1788417,
 author = {Gama, Nicolas and Nguyen, Phong Q.},
 title = {Predicting lattice reduction},
 booktitle = {Proceedings of the theory and applications of cryptographic techniques 27th annual international conference on Advances in cryptology},
 series = {EUROCRYPT'08},
 year = {2008},
 isbn = {3-540-78966-9, 978-3-540-78966-6},
 location = {Istanbul, Turkey},
 pages = {31--51},
 numpages = {21},
 url = {http://dl.acm.org/citation.cfm?id=1788414.1788417},
 acmid = {1788417},
 publisher = {Springer-Verlag},
 address = {Berlin, Heidelberg},
 keywords = {BKZ, DEEP insertions, LLL, lattice reduction, lattice-based cryptosystems},
}


@InProceedings{ccsw2011/LauterNV,
	booktitle = {ccsw},
	year = {2011},
	author = {Kristin Lauter and Michael Naehrig and Vinod Vaikuntanathan},
	title = {Can Homomorphic Encryption be Practical?}
}
@article{iLLL,
year={2014},
issn={0925-1022},
journal={Designs, Codes and Cryptography},
doi={10.1007/s10623-014-9957-1},
title={{LLL} for ideal lattices: re-evaluation of the security of {Gentry–Halevi's FHE} scheme},
url={http://dx.doi.org/10.1007/s10623-014-9957-1},
publisher={Springer US},
keywords={Lattice theory; Lattice reduction; LLL; Ideal lattice; Fully homomorphic encryption; 94A60},
author={Plantard, Thomas and Susilo, Willy and Zhang, Zhenfei},
pages={1-20},
language={English}
}
@book{DBLP:books/daglib/0086372,
  author    = {Gene H. Golub and
               Charles F. van Loan},
  title     = {Matrix computations (3. ed.)},
  publisher = {Johns Hopkins University Press},
  year      = {1996},
  isbn      = {978-0-8018-5414-9},
  pages     = {I-XXVII, 1-694},
  bibsource = {DBLP, http://dblp.uni-trier.de}
}
@inproceedings{rr12,
  author    = {Thomas Plantard and
               Willy Susilo and Zhenfei Zhang
},
  title     = {Lattice Reduction For Knapsack},
  booktitle = {SAC},
  year      = {2012}
}
@inproceedings{DBLP:conf/scn/Garg14,
  author    = {Sanjam Garg},
  title     = {Program Obfuscation via Multilinear Maps},
  booktitle = {Security and Cryptography for Networks - 9th International Conference,
               {SCN} 2014, Amalfi, Italy, September 3-5, 2014. Proceedings},
  year      = {2014},
  pages     = {91--94},
  url       = {http://dx.doi.org/10.1007/978-3-319-10879-7_6},
  doi       = {10.1007/978-3-319-10879-7_6},
  timestamp = {Fri, 24 Oct 2014 17:08:24 +0200},
  biburl    = {http://dblp.uni-trier.de/rec/bib/conf/scn/Garg14},
  bibsource = {dblp computer science bibliography, http://dblp.org}
}
@inproceedings{DBLP:conf/eurocrypt/GargGH13,
  author    = {Sanjam Garg and
               Craig Gentry and
               Shai Halevi},
  title     = {Candidate Multilinear Maps from Ideal Lattices},
  booktitle = {Advances in Cryptology - {EUROCRYPT} 2013, 32nd Annual International
               Conference on the Theory and Applications of Cryptographic Techniques,
               Athens, Greece, May 26-30, 2013. Proceedings},
  year      = {2013},
  pages     = {1--17},
  url       = {http://dx.doi.org/10.1007/978-3-642-38348-9_1},
  doi       = {10.1007/978-3-642-38348-9_1},
  timestamp = {Fri, 24 Oct 2014 17:06:15 +0200},
  biburl    = {http://dblp.uni-trier.de/rec/bib/conf/eurocrypt/GargGH13},
  bibsource = {dblp computer science bibliography, http://dblp.org}
}

@inproceedings{DBLP:conf/scn/GentryHPS12,
  author    = {Craig Gentry and
               Shai Halevi and
               Chris Peikert and
               Nigel P. Smart},
  title     = {Ring Switching in {BGV}-Style Homomorphic Encryption},
  booktitle = {SCN},
  year      = {2012},
  pages     = {19-37},
  ee        = {http://dx.doi.org/10.1007/978-3-642-32928-9_2},
  bibsource = {DBLP, http://dblp.uni-trier.de}
}

@inproceedings{DBLP:conf/eurocrypt/GentryHS12,
  author    = {Craig Gentry and
               Shai Halevi and
               Nigel P. Smart},
  title     = {Fully Homomorphic Encryption with Polylog Overhead},
  booktitle = {EUROCRYPT},
  year      = {2012},
  pages     = {465-482},
  ee        = {http://dx.doi.org/10.1007/978-3-642-29011-4_28},
  bibsource = {DBLP, http://dblp.uni-trier.de}
}


@inproceedings{DBLP:conf/stoc/Regev05,
  author    = {Oded Regev},
  title     = {On lattices, learning with errors, random linear codes,
               and cryptography},
  booktitle = {STOC},
  year      = {2005},
  pages     = {84-93},
  ee        = {http://doi.acm.org/10.1145/1060590.1060603},
  bibsource = {DBLP, http://dblp.uni-trier.de}
}


@inproceedings{DBLP:conf/cans/Nguyen11,
  author    = {Phong Q. Nguyen},
  title     = {Breaking Fully-Homomorphic-Encryption Challenges},
  booktitle = {CANS},
  year      = {2011},
  pages     = {13-14},
  ee        = {http://dx.doi.org/10.1007/978-3-642-25513-7_2},
  bibsource = {DBLP, http://dblp.uni-trier.de}
}

@inproceedings{DBLP:conf/focs/BrakerskiV11,
  author    = {Zvika Brakerski and
               Vinod Vaikuntanathan},
  title     = {Efficient Fully Homomorphic Encryption from (Standard) {LWE}},
  booktitle = {FOCS},
  year      = {2011},
  pages     = {97-106},
  ee        = {http://dx.doi.org/10.1109/FOCS.2011.12},
  bibsource = {DBLP, http://dblp.uni-trier.de}
}

@inproceedings{DBLP:conf/ants/Regev10,
  author    = {Oded Regev},
  title     = {Learning with Errors over Rings},
  booktitle = {ANTS},
  year      = {2010},
  pages     = {3},
  ee        = {http://dx.doi.org/10.1007/978-3-642-14518-6_3},
  bibsource = {DBLP, http://dblp.uni-trier.de}
}
@misc{svp_challenge,
    title = {{SVP CHALLENGE}},
    howpublished = {online},
    note = {\url{http://www.latticechallenge.org/svp-challenge/index.php}},
}
@misc{fhe_challenge,
author = {Craig Gentry and
	Shai Halevi	},
    title = {{Public Challenges for Fully-Homomorphic Encryption}},
    howpublished = {online},
    note = {\url{http://researcher.watson.ibm.com/researcher/view_project.php?id=1548}},
}
@inproceedings{DBLP:conf/crypto/GentrySW13,
  author    = {Craig Gentry and
               Amit Sahai and
               Brent Waters},
  title     = {Homomorphic Encryption from Learning with Errors: Conceptually-Simpler,
               Asymptotically-Faster, Attribute-Based},
  booktitle = {Advances in Cryptology - {CRYPTO} 2013 - 33rd Annual Cryptology Conference,
               Santa Barbara, CA, USA, August 18-22, 2013. Proceedings, Part {I}},
  pages     = {75--92},
  year      = {2013},

  url       = {http://dx.doi.org/10.1007/978-3-642-40041-4_5},
  doi       = {10.1007/978-3-642-40041-4_5},
  timestamp = {Wed, 21 Aug 2013 17:20:48 +0200},
  biburl    = {http://dblp.uni-trier.de/rec/bib/conf/crypto/GentrySW13},
  bibsource = {dblp computer science bibliography, http://dblp.org}
}
@inproceedings{DBLP:conf/eurocrypt/DucasM15,
  author    = {L{\'{e}}o Ducas and
               Daniele Micciancio},
  title     = {{FHEW:} Bootstrapping Homomorphic Encryption in Less Than a Second},
  booktitle = {Advances in Cryptology - {EUROCRYPT} 2015 - 34th Annual International
               Conference on the Theory and Applications of Cryptographic Techniques,
               Sofia, Bulgaria, April 26-30, 2015, Proceedings, Part {I}},
  pages     = {617--640},
  year      = {2015},
  url       = {http://dx.doi.org/10.1007/978-3-662-46800-5_24},
  doi       = {10.1007/978-3-662-46800-5_24},
  timestamp = {Tue, 14 Apr 2015 13:51:12 +0200},
  biburl    = {http://dblp.uni-trier.de/rec/bib/conf/eurocrypt/DucasM15},
  bibsource = {dblp computer science bibliography, http://dblp.org}
}
@article{DBLP:journals/jacm/LyubashevskyPR13,
  author    = {Vadim Lyubashevsky and
               Chris Peikert and
               Oded Regev},
  title     = {On Ideal Lattices and Learning with Errors over Rings},
  journal   = {J. {ACM}},
  volume    = {60},
  number    = {6},
  pages     = {43},
  year      = {2013},
  url       = {http://doi.acm.org/10.1145/2535925},
  doi       = {10.1145/2535925},
  timestamp = {Fri, 06 Dec 2013 15:28:53 +0100},
  biburl    = {http://dblp.uni-trier.de/rec/bib/journals/jacm/LyubashevskyPR13},
  bibsource = {dblp computer science bibliography, http://dblp.org}
}
@article{DBLP:journals/jacm/Regev09,
  author    = {Oded Regev},
  title     = {On lattices, learning with errors, random linear codes, and cryptography},
  journal   = {J. {ACM}},
  volume    = {56},
  number    = {6},
  year      = {2009},
  url       = {http://doi.acm.org/10.1145/1568318.1568324},
  doi       = {10.1145/1568318.1568324},
  timestamp = {Fri, 04 Sep 2009 12:36:07 +0200},
  biburl    = {http://dblp.uni-trier.de/rec/bib/journals/jacm/Regev09},
  bibsource = {dblp computer science bibliography, http://dblp.org}
}

@incollection{harrison2009efficient,
  title={Efficient acceleration of asymmetric cryptography on graphics hardware},
  author={Harrison, Owen and Waldron, John},
  booktitle={Progress in Cryptology--AFRICACRYPT 2009},
  pages={350--367},
  year={2009},
  publisher={Springer}
}

@inproceedings{manavski2007cuda,
  title={CUDA compatible GPU as an efficient hardware accelerator for AES cryptography},
  author={Manavski, Svetlin A},
  booktitle={Signal Processing and Communications, 2007. ICSPC 2007. IEEE International Conference on},
  pages={65--68},
  year={2007},
  organization={IEEE}
}

@TechReport{nvidiamaxwell,
  title={{Maxwell: The Most Advanced CUDA GPU Ever Made}},
  author={{NVIDIA Corporation}},
  year={2014}
}

@article{prodform,
  author = {Hoffstein, Jeffrey and Silverman, Joseph H.},
  title = {Random Small Hamming Weight Products with Applications to Cryptography},
  journal = {Discrete Appl. Math.},
  issue_date = {8 August 2003},
  volume = {130},
  number = {1},
  month = aug,
  year = {2003},
  issn = {0166-218X},
  pages = {37--49},
  numpages = {13},
  url = {http://dx.doi.org/10.1016/S0166-218X(02)00588-7},
  doi = {10.1016/S0166-218X(02)00588-7},
  acmid = {945983},
  publisher = {Elsevier Science Publishers B. V.},
  address = {Amsterdam, The Netherlands, The Netherlands},
}

@InBook{Howgrave-Graham2007,
  Title                    = {Advances in Cryptology - CRYPTO 2007: 27th Annual International Cryptology Conference, Santa Barbara, CA, USA, August 19-23, 2007. Proceedings},
  Author                   = {Howgrave-Graham, Nick},
  Chapter                  = {A Hybrid Lattice-Reduction and Meet-in-the-Middle Attack Against NTRU},
  Editor                   = {Menezes, Alfred},
  Pages                    = {150--169},
  Publisher                = {Springer Berlin Heidelberg},
  Year                     = {2007},

  Address                  = {Berlin, Heidelberg},

  Doi                      = {10.1007/978-3-540-74143-5_9},
  ISBN                     = {978-3-540-74143-5},
  Url                      = {http://dx.doi.org/10.1007/978-3-540-74143-5_9}
}


@incollection{NTRUMLS2014,
year={2014},
isbn={978-3-319-11658-7},
booktitle={Post-Quantum Cryptography},
volume={8772},
series={Lecture Notes in Computer Science},
editor={Mosca, Michele},
doi={10.1007/978-3-319-11659-4_9},
title={Transcript Secure Signatures Based on Modular Lattices},
url={http://dx.doi.org/10.1007/978-3-319-11659-4_9},
publisher={Springer International Publishing},
author={Hoffstein, Jeff and Pipher, Jill and Schanck, John M. and Silverman, Joseph H. and Whyte, William},
pages={142-159},
language={English}
}
@Misc{Chen2016,
  Title                    = {Report on Post-Quantum Cryptography},

  Author                   = {Chen, Lily and Jordan, Stephen and Liu, Yi-Kai and Moody, Dustin and Peralta, Rene and Perlner, Ray and Smith-Tone, Daniel},
  HowPublished             = {National Institute of Standards and Technology Internal Report 8105},
  Month                    = {February},
  Year                     = {2016},

  Owner                    = {john},
  Timestamp                = {2016.02.17}
}


@Misc{NSA,
  Title                    = {{NSA} {Suite} {B} {Cryptography} - {NSA}/{CSS}},

  Owner                    = {john},
  Timestamp                = {2016.02.17},
  Url                      = {https://www.nsa.gov/ia/programs/suiteb_cryptography/},
  Urldate                  = {2016-02-17}
}

@Misc{salsa_ietf,
  Title                    = {{ChaCha20} and {Poly1305} for {IETF} {Protocols}},
  author    = { Y. Nir and A. Langley},
  Url                      = {https://tools.ietf.org/html/rfc7539},
  Urldate                  = {2016-05-04}
}
@InProceedings{DBLP:conf/focs/Shor94,
  Title                    = {Algorithms for Quantum Computation: Discrete Logarithms
 and Factoring},
  Author                   = {Peter W. Shor},
  Booktitle                = {FOCS},
  Year                     = {1994},
  Pages                    = {124-134},

  Bibsource                = {DBLP, http://dblp.uni-trier.de},
  Ee                       = {http://doi.ieeecomputersociety.org/10.1109/SFCS.1994.365700}
}
@InProceedings{ETSIpaper,
  Title                    = {Quantum Safe Cryptography and Security;
An introduction, benefits, enablers and challenges},
  Author                   = {European Telecommunications Standards Institute},
}



@incollection{Salsa20,
year={2008},
isbn={978-3-540-68350-6},
booktitle={New Stream Cipher Designs},
volume={4986},
series={Lecture Notes in Computer Science},
editor={Robshaw, Matthew and Billet, Olivier},
doi={10.1007/978-3-540-68351-3_8},
title={The Salsa20 Family of Stream Ciphers},
url={http://dx.doi.org/10.1007/978-3-540-68351-3_8},
publisher={Springer Berlin Heidelberg},
author={Bernstein, DanielJ.},
pages={84-97},
language={English}
}

@inproceedings{ajtai96,
	series = {{STOC} 1996},
	title = {Generating hard instances of lattice problems (extended abstract)},
	booktitle = {Proceedings of the twenty-eighth annual {ACM} symposium on theory of computing},
	publisher = {{ACM}},
	author = {Ajtai, M.},
	year = {1996},
	pages = {99--108}
},

@incollection{GN08,
	series = {{LNCS}},
	title = {Predicting Lattice Reduction},
	volume = {4965},
	booktitle = {{EUROCRYPT} 2008},
	publisher = {Springer},
	author = {Gama, Nicolas and Nguyen, Phong Q.},
	editor = {Smart, Nigel},
	year = {2008},
	pages = {31--51},
	file = {Gama and Nguyen - 2008 - Predicting Lattice Reduction.pdf:/home/john/ntru/pdf/Gama and Nguyen - 2008 - Predicting Lattice Reduction.pdf:application/pdf}
},
@inproceedings{NTRUSign,
  author    = {Jeffrey Hoffstein and
               Nick Howgrave{-}Graham and
               Jill Pipher and
               Joseph H. Silverman and
               William Whyte},
  title     = {{NTRUSIGN:} Digital Signatures Using the {NTRU} Lattice},
  booktitle = {Topics in Cryptology - {CT-RSA} 2003, The Cryptographers' Track at
               the {RSA} Conference 2003, San Francisco, CA, USA, April 13-17, 2003,
               Proceedings},
  pages     = {122--140},
  year      = {2003},
  url       = {http://dx.doi.org/10.1007/3-540-36563-X_9},
  doi       = {10.1007/3-540-36563-X_9},
  timestamp = {Tue, 05 Jul 2011 11:03:57 +0200},
  biburl    = {http://dblp.uni-trier.de/rec/bib/conf/ctrsa/HoffsteinHPSW03},
  bibsource = {dblp computer science bibliography, http://dblp.org}
},


@incollection{GLP12,
	series = {{LNCS}},
	title = {Practical Lattice-Based Cryptography: A Signature Scheme for Embedded Systems},
	shorttitle = {Practical Lattice-Based Cryptography},
	volume = {7428},
	booktitle = {{CHES} 2012},
	publisher = {Springer},
	author = {G\"uneysu, Tim and Lyubashevsky, Vadim and P\"oppelmann, Thomas},
	editor = {Prouff, Emmanuel and Schaumont, Patrick},
	year = {2012},
	pages = {530--547}
},
@article{DBLP:journals/joc/NguyenR09,
  author    = {Phong Q. Nguyen and
               Oded Regev},
  title     = {Learning a Parallelepiped: Cryptanalysis of {GGH} and {NTRU} Signatures},
  journal   = {J. Cryptology},
  volume    = {22},
  number    = {2},
  pages     = {139--160},
  year      = {2009},
  url       = {http://dx.doi.org/10.1007/s00145-008-9031-0},
  doi       = {10.1007/s00145-008-9031-0},
  timestamp = {Tue, 12 May 2009 15:14:14 +0200},
  biburl    = {http://dblp.uni-trier.de/rec/bib/journals/joc/NguyenR09},
  bibsource = {dblp computer science bibliography, http://dblp.org}
},
@inproceedings{DBLP:conf/asiacrypt/DucasN12a,
  author    = {L{\'{e}}o Ducas and
               Phong Q. Nguyen},
  title     = {Learning a Zonotope and More: Cryptanalysis of NTRUSign Countermeasures},
  booktitle = {Advances in Cryptology - {ASIACRYPT} 2012 - 18th International Conference
               on the Theory and Application of Cryptology and Information Security,
               Beijing, China, December 2-6, 2012. Proceedings},
  pages     = {433--450},
  year      = {2012},
  url       = {http://dx.doi.org/10.1007/978-3-642-34961-4_27},
  doi       = {10.1007/978-3-642-34961-4_27},
  timestamp = {Tue, 20 Nov 2012 14:23:13 +0100},
  biburl    = {http://dblp.uni-trier.de/rec/bib/conf/asiacrypt/DucasN12a},
  bibsource = {dblp computer science bibliography, http://dblp.org}
},
@incollection{lyu09,
	title = {Fiat-shamir with aborts: Applications to lattice and factoring-based signatures},
	booktitle = {{ASIACRYPT} 2009},
	publisher = {Springer},
	author = {Lyubashevsky, Vadim},
	year = {2009},
	pages = {598--616}
},

@incollection{PASS_II,
	series = {Progress in Computer Science and Applied Logic},
	title = {Polynomial Rings and Efficient Public Key Authentication {II}},
	volume = {20},
	booktitle = {Cryptography and Computational Number Theory},
	publisher = {Birkh\"auser},
	author = {Hoffstein, Jeffrey and Silverman, Joseph H.},
	editor = {Lam, Kwok-Yan and Shparlinski, Igor and Wang, Huaxiong and Xing, Chaoping},
	year = {2001},
	pages = {269--286}
},

@incollection{BKZ2,
	title = {{BKZ} 2.0: Better Lattice Security Estimates},
	booktitle = {{ASIACRYPT} 2011},
	publisher = {Springer},
	author = {Chen, Yuanmi and Nguyen, Phong Q},
	year = {2011},
	pages = {1--20},
	file = {Chen and Nguyen - 2011 - BKZ 2.0 better lattice security estimates.pdf:/home/john/ntru/pdf/Chen and Nguyen - 2011 - BKZ 2.0 better lattice security estimates.pdf:application/pdf}
},

@inproceedings{GPV08,
	series = {{STOC} 2008},
	title = {Trapdoors for hard lattices and new cryptographic constructions},
	booktitle = {Proceedings of the 40th annual {ACM} symposium on theory of computing},
	publisher = {{ACM}},
	author = {Gentry, Craig and Peikert, Chris and Vaikuntanathan, Vinod},
	year = {2008},
	pages = {197--206}
},

@article{CRT06,
	title = {Robust uncertainty principles: exact signal reconstruction from highly incomplete frequency information},
	volume = {52},
	issn = {0018-9448},
	shorttitle = {Robust uncertainty principles},
	doi = {10.1109/TIT.2005.862083},
	number = {2},
	journal = {{IEEE} Transactions on Information Theory},
	author = {Candes, {E.J.} and Romberg, J. and Tao, T.},
	year = {2006},
	pages = {489--509}
},

@incollection{DDLL13,
	series = {{LNCS}},
	title = {Lattice Signatures and Bimodal Gaussians},
	volume = {8042},
	booktitle = {{CRYPTO} 2013},
	publisher = {Springer},
	author = {Ducas, L\'{e}o and Durmus, Alain and Lepoint, Tancr\`{e}de and Lyubashevsky, Vadim},
	editor = {Canetti, Ran and Garay, Juan A.},
	year = {2013},
	pages = {40--56}
}

@incollection{lyu12,
	series = {{LNCS}},
	title = {Lattice Signatures without Trapdoors},
	volume = {7237},
	booktitle = {{EUROCRYPT} 2012},
	publisher = {Springer},
	author = {Lyubashevsky, Vadim},
	editor = {Pointcheval, David and Johansson, Thomas},
	year = {2012},
	pages = {738--755}
},

@incollection{GS02,
	series = {{LNCS}},
	title = {Cryptanalysis of the Revised {NTRU} Signature Scheme},
	volume = {2332},
	booktitle = {{EUROCRYPT} 2002},
	publisher = {Springer},
	author = {Gentry, Craig and Szydlo, Mike},
	editor = {Knudsen, Lars R.},
	year = {2002},
	pages = {299--320}
},

@incollection{lyu08,
	series = {{LNCS}},
	title = {Lattice-Based Identification Schemes Secure Under Active Attacks},
	volume = {4939},
	booktitle = {{PKC} 2008},
	publisher = {Springer},
	author = {Lyubashevsky, Vadim},
	editor = {Cramer, Ronald},
	year = {2008},
	pages = {162--179},
	file = {Lyubashevsky - 2008 - Lattice-Based Identification Schemes Secure Under .pdf:/home/john/ntru/pdf/PASS/Lyubashevsky - 2008 - Lattice-Based Identification Schemes Secure Under .pdf:application/pdf}
},

@misc{HKLS00,
	title = {Secure user identification based on constrained polynomials},
	nationality = {United States},
	assignee = {{RSA} Security Inc.},
	number = {6076163},
	author = {Hoffstein, Jeffrey and Kaliski, Burton S. Jr. and Lieman, Daniel Bennett and Robshaw, Matthew John Barton and Yin, Yiqun Lisa},
	year = {2000},
	note = {{U.S.} Classification: 713/168; 380/28; 380/30; 713/170; 713/176
International Classification: {H04L}  932; {H04L}  928; {H04L}  930}
}

@incollection{nguyen99,
	series = {{LNCS}},
	title = {Cryptanalysis of the {G}oldreich-{G}oldwasser-{H}alevi Cryptosystem from {CRYPTO}’97},
	volume = {1666},
	booktitle = {{CRYPTO} 1999},
	publisher = {Springer},
	author = {Nguyen, Phong},
	editor = {Wiener, Michael},
	year = {1999},
	pages = {288--304}
}

@inproceedings{GOPS13,
  author        = {Tim G\"uneysu and Tobias Oder and Thomas P\"oppelmann and Peter Schwabe},
  title         = {Software speed records for lattice-based signatures},
  booktitle     = {Post-Quantum Cryptography},
  series        = {{LNCS}},
  volume        = {7932},
  publisher     = {Springer},
  year          = {2013},
  pages         = {67--82},
}

@incollection{MR09,
	title = {Lattice-based Cryptography},
	booktitle = {Post-Quantum Cryptography},
	publisher = {Springer},
	author = {Micciancio, Daniele and Regev, Oded},
	editor = {Bernstein, Daniel J. and Buchmann, Johannes and Dahmen, Erik},
	year = {2009},
	pages = {147--191}
}

@inproceedings{GNR10,
	series = {{LNCS}},
	title = {Lattice enumeration using extreme pruning},
	booktitle = {{EUROCRYPT 2010}},
	volume = {6110},
	publisher = {Springer},
	author = {Gama, Nicolas and Nguyen, Phong Q. and Regev, Oded},
	year = {2010},
	pages = {257--278}
}

@incollection{HPS11,
	series = {{LNCS}},
	title = {Analyzing Blockwise Lattice Algorithms Using Dynamical Systems},
	volume = {6841},
	booktitle = {{CRYPTO} 2011},
	publisher = {Springer},
	author = {Hanrot, Guillaume and Pujol, Xavier and Stehl\'{e}, Damien},
	editor = {Rogaway, Phillip},
	year = {2011},
	pages = {447--464}
}

@incollection{SB10,
  series = {{LNI}},
  title = {Extended lattice reduction experiments using the {BKZ} algorithm},
  volume = {170},
  booktitle = {Sicherheit},
  publisher = {Gesellschaft f\"ur Informatik},
  author = {Schneider, Michael and Buchmann, Johannes},
  year = {2010},
  pages = {241--252}
}

@incollection{LM06,
	series = {{LNCS}},
	title = {Generalized Compact Knapsacks Are Collision Resistant},
	volume = {4052},
	booktitle = {Automata, Languages and Programming},
	publisher = {Springer},
	author = {Lyubashevsky, Vadim and Micciancio, Daniele},
	editor = {Bugliesi, Michele and Preneel, Bart and Sassone, Vladimiro and Wegener, Ingo},
	year = {2006},
	pages = {144--155}
}

@incollection{PR06,
	series = {{LNCS}},
	title = {Efficient Collision-Resistant Hashing from Worst-Case Assumptions on Cyclic Lattices},
	volume = {3876},
	booktitle = {Theory of Cryptography},
	publisher = {Springer},
	author = {Peikert, Chris and Rosen, Alon},
	editor = {Halevi, Shai and Rabin, Tal},
	year = {2006},
	pages = {145--166}
}
@misc{cryptoeprint:2014:457,
    author = {Jeff Hoffstein and Jill Pipher and John M. Schanck and Joseph H. Silverman and William Whyte},
    title = {Transcript Secure Signatures Based on Modular Lattices},
    howpublished = {Cryptology ePrint Archive, Report 2014/457},
    year = {2014},
    note = {\url{http://eprint.iacr.org/}},
}

@article{MILLER1976300,
title = "Riemann's hypothesis and tests for primality",
journal = "Journal of Computer and System Sciences",
volume = "13",
number = "3",
pages = "300 - 317",
year = "1976",
note = "",
issn = "0022-0000",
doi = "http://dx.doi.org/10.1016/S0022-0000(76)80043-8",
url = "http://www.sciencedirect.com/science/article/pii/S0022000076800438",
author = "Gary L. Miller",
}
@article{RABIN1980128,
title = "Probabilistic algorithm for testing primality",
journal = "Journal of Number Theory",
volume = "12",
number = "1",
pages = "128 - 138",
year = "1980",
note = "",
issn = "0022-314X",
doi = "http://dx.doi.org/10.1016/0022-314X(80)90084-0",
url = "http://www.sciencedirect.com/science/article/pii/0022314X80900840",
author = "Michael O Rabin",

}
@inproceedings{DBLP:conf/eurocrypt/StehleS11,
  author    = {Damien Stehl{\'{e}} and
               Ron Steinfeld},
  title     = {Making {NTRU} as Secure as Worst-Case Problems over Ideal Lattices},
  booktitle = {Advances in Cryptology - {EUROCRYPT} 2011 - 30th Annual International
               Conference on the Theory and Applications of Cryptographic Techniques,
               Tallinn, Estonia, May 15-19, 2011. Proceedings},
  pages     = {27--47},
  year      = {2011},
  url       = {http://dx.doi.org/10.1007/978-3-642-20465-4_4},
  doi       = {10.1007/978-3-642-20465-4_4},
  timestamp = {Thu, 05 May 2011 18:04:16 +0200},
  biburl    = {http://dblp.uni-trier.de/rec/bib/conf/eurocrypt/StehleS11},
  bibsource = {dblp computer science bibliography, http://dblp.org}
}
    @manual{PARI2,
      organization = "{The PARI~Group}",
      title        = "{PARI/GP version {\tt 2.7.0}}",
      year         = 2014,
      address      = "Bordeaux",
      note         = "available from \url{http://pari.math.u-bordeaux.fr/}"
    }

@inproceedings{DBLP:conf/crypto/AlbrechtBD16,
  author    = {Martin R. Albrecht and
               Shi Bai and
               L{\'{e}}o Ducas},
  title     = {A Subfield Lattice Attack on Overstretched {NTRU} Assumptions - Cryptanalysis
               of Some {FHE} and Graded Encoding Schemes},
  booktitle = {Advances in Cryptology - {CRYPTO} 2016 - 36th Annual International
               Cryptology Conference, Santa Barbara, CA, USA, August 14-18, 2016,
               Proceedings, Part {I}},
  pages     = {153--178},
  year      = {2016},
  url       = {http://dx.doi.org/10.1007/978-3-662-53018-4_6},
  doi       = {10.1007/978-3-662-53018-4_6},
  timestamp = {Sat, 20 Aug 2016 12:19:23 +0200},
  biburl    = {http://dblp.uni-trier.de/rec/bib/conf/crypto/AlbrechtBD16},
  bibsource = {dblp computer science bibliography, http://dblp.org}
}
    @inproceedings{DBLP:conf/uss/AlkimDPS16,
  author    = {Erdem Alkim and
               L{\'{e}}o Ducas and
               Thomas P{\"{o}}ppelmann and
               Peter Schwabe},
  title     = {Post-quantum Key Exchange - {A} New Hope},
  booktitle = {25th {USENIX} Security Symposium, {USENIX} Security 16, Austin, TX,
               USA, August 10-12, 2016.},
  pages     = {327--343},
  year      = {2016},
  url       = {https://www.usenix.org/conference/usenixsecurity16/technical-sessions/presentation/alkim},
  timestamp = {Mon, 05 Sep 2016 15:43:05 +0200},
  biburl    = {http://dblp.uni-trier.de/rec/bib/conf/uss/AlkimDPS16},
  bibsource = {dblp computer science bibliography, http://dblp.org}
}
@inproceedings{DBLP:conf/ima/BosLLN13,
  author    = {Joppe W. Bos and
               Kristin E. Lauter and
               Jake Loftus and
               Michael Naehrig},
  title     = {Improved Security for a Ring-Based Fully Homomorphic Encryption Scheme},
  booktitle = {Cryptography and Coding - 14th {IMA} International Conference, {IMACC}
               2013, Oxford, UK, December 17-19, 2013. Proceedings},
  pages     = {45--64},
  year      = {2013},
  url       = {http://dx.doi.org/10.1007/978-3-642-45239-0_4},
  doi       = {10.1007/978-3-642-45239-0_4},
  timestamp = {Thu, 28 Aug 2014 14:01:37 +0200},
  biburl    = {http://dblp.uni-trier.de/rec/bib/conf/ima/BosLLN13},
  bibsource = {dblp computer science bibliography, http://dblp.org}
}
@misc{cryptoeprint:2016:300,
    author = {Leon Groot Bruinderink and Andreas Hülsing and Tanja Lange and Yuval Yarom},
    title = {Flush, Gauss, and Reload -- A Cache Attack on the BLISS Lattice-Based Signature Scheme},
    howpublished = {Cryptology ePrint Archive, Report 2016/300},
    year = {2016},
    note = {\url{http://eprint.iacr.org/2016/300}},
}

@article{DBLP:journals/iacr/BernsteinCLV16,
  author    = {Daniel J. Bernstein and
               Chitchanok Chuengsatiansup and
               Tanja Lange and
               Christine van Vredendaal},
  title     = {{NTRU} Prime},
  journal   = {{IACR} Cryptology ePrint Archive},
  volume    = {2016},
  pages     = {461},
  year      = {2016},
  url       = {http://eprint.iacr.org/2016/461},
  timestamp = {Sat, 11 Jun 2016 18:59:57 +0200},
  biburl    = {http://dblp.uni-trier.de/rec/bib/journals/iacr/BernsteinCLV16},
  bibsource = {dblp computer science bibliography, http://dblp.org}
}


@inproceedings{newhope,
  author    = {Erdem Alkim and
               L{\'{e}}o Ducas and
               Thomas P{\"{o}}ppelmann and
               Peter Schwabe},
  title     = {Post-quantum Key Exchange - {A} New Hope},
  booktitle = {25th {USENIX} Security Symposium, {USENIX} Security 16, Austin, TX,
               USA, August 10-12, 2016.},
  pages     = {327--343},
  year      = {2016},
  url       = {https://www.usenix.org/conference/usenixsecurity16/technical-sessions/presentation/alkim},
  timestamp = {Mon, 05 Sep 2016 15:43:05 +0200},
  biburl    = {http://dblp.uni-trier.de/rec/bib/conf/uss/AlkimDPS16},
  bibsource = {dblp computer science bibliography, http://dblp.org}
}

@misc{BKZ2full,
	title = {{BKZ} 2.0: Better Lattice Security Estimates (Full Version)},
	author = {Chen, Yuanmi and Nguyen, Phong Q},
	year = {2011},
	  booktitle = {},
	note         = "available from \url{http://www.di.ens.fr/~ychen/research/Full\_BKZ.pdf}"
}

@article{Fluhrer2015,
  author    = {Scott R. Fluhrer},
  title     = {Quantum Cryptanalysis of {NTRU}},
  journal   = {{IACR} Cryptology ePrint Archive},
  volume    = {2015},
  pages     = {676},
  year      = {2015},
  url       = {http://eprint.iacr.org/2015/676},
  timestamp = {Tue, 09 Feb 2016 15:52:36 +0100},
  biburl    = {http://dblp.uni-trier.de/rec/bib/journals/iacr/Fluhrer15},
  bibsource = {dblp computer science bibliography, http://dblp.org}
}

@inproceedings{params08,
  author    = {Philip S. Hirschhorn and
               Jeffrey Hoffstein and
               Nick Howgrave{-}Graham and
               William Whyte},
  title     = {Choosing NTRUEncrypt Parameters in Light of Combined Lattice Reduction
               and {MITM} Approaches},
  booktitle = {Applied Cryptography and Network Security, 7th International Conference,
               {ACNS} 2009, Paris-Rocquencourt, France, June 2-5, 2009. Proceedings},
  pages     = {437--455},
  year      = {2009},
  url       = {http://dx.doi.org/10.1007/978-3-642-01957-9_27},
  doi       = {10.1007/978-3-642-01957-9_27},
  timestamp = {Wed, 20 May 2009 10:47:04 +0200},
  biburl    = {http://dblp.uni-trier.de/rec/bib/conf/acns/HirschhornHHW09},
  bibsource = {dblp computer science bibliography, http://dblp.org}
}
@inproceedings{ntruOrig,
  author    = {Jeffrey Hoffstein and
               Jill Pipher and
               Joseph H. Silverman},
  title     = {{NTRU:} {A} Ring-Based Public Key Cryptosystem},
  booktitle = {Algorithmic Number Theory, Third International Symposium, ANTS-III,
               Portland, Oregon, USA, June 21-25, 1998, Proceedings},
  pages     = {267--288},
  year      = {1998},
  url       = {http://dx.doi.org/10.1007/BFb0054868},
  doi       = {10.1007/BFb0054868},
  timestamp = {Thu, 16 Jun 2011 15:52:18 +0200},
  biburl    = {http://dblp.uni-trier.de/rec/bib/conf/ants/HoffsteinPS98},
  bibsource = {dblp computer science bibliography, http://dblp.org}
}
@article{barcelona,
  author    = {Jeffrey Hoffstein and
               Nick Howgrave{-}Graham and
               Jill Pipher and
               Joseph H. Silverman and
               William Whyte},
  title     = {Performance Improvements and a Baseline Parameter Generation Algorithm
               for NTRUSign},
  journal   = {{IACR} Cryptology ePrint Archive},
  volume    = {2005},
  pages     = {274},
  year      = {2005},
  url       = {http://eprint.iacr.org/2005/274},
  timestamp = {Mon, 16 Jan 2012 21:32:58 +0100},
  biburl    = {http://dblp.uni-trier.de/rec/bib/journals/iacr/HoffsteinHPSW05},
  bibsource = {dblp computer science bibliography, http://dblp.org}
}


@article{param15,
  author    = {Jeffrey Hoffstein and
               Jill Pipher and
               John M. Schanck and
               Joseph H. Silverman and
               William Whyte and
               Zhenfei Zhang},
  title     = {{Choosing Parameters for NTRUEncrypt (full version)}},
  journal   = {{IACR} Cryptology ePrint Archive},
  volume    = {2015},
  pages     = {708},
  year      = {2015},
  url       = {http://eprint.iacr.org/2015/708},
  timestamp = {Tue, 28 Jul 2015 11:08:22 +0200},
  biburl    = {http://dblp.uni-trier.de/rec/bib/journals/iacr/HoffsteinPSSWZ15},
  bibsource = {dblp computer science bibliography, http://dblp.org}
}
@inproceedings{param15ctrsa,
   author    = {Jeffrey Hoffstein and
               Jill Pipher and
               John M. Schanck and
               Joseph H. Silverman and
               William Whyte and
               Zhenfei Zhang},
  title     = {{Choosing Parameters for NTRUEncrypt}},
  booktitle = {Topics in Cryptology - {CT-RSA} 2017, The Cryptographers' Track at
               the {RSA} Conference 2017},
  year      = {2017}}


@inproceedings{Nick07,
  author    = {Nick Howgrave-Graham},
  title     = {A Hybrid Lattice-Reduction and Meet-in-the-Middle Attack
               Against {NTRU}},
  booktitle = {CRYPTO},
  year      = {2007},
  pages     = {150-169},
  ee        = {http://dx.doi.org/10.1007/978-3-540-74143-5_9},
  bibsource = {DBLP, http://dblp.uni-trier.de}
}
@inproceedings{ntruParams,
  author    = {Nick Howgrave{-}Graham and
               Joseph H. Silverman and
               William Whyte},
  title     = {Choosing Parameter Sets for NTRUEncrypt with NAEP and SVES-3},
  booktitle = {Topics in Cryptology - {CT-RSA} 2005, The Cryptographers' Track at
               the {RSA} Conference 2005, San Francisco, CA, USA, February 14-18,
               2005, Proceedings},
  year      = {2005},
  pages     = {118--135},
  url       = {http://dx.doi.org/10.1007/978-3-540-30574-3_10},
  doi       = {10.1007/978-3-540-30574-3_10},
  timestamp = {Fri, 24 Oct 2014 17:39:11 +0200},
  biburl    = {http://dblp.uni-trier.de/rec/bib/conf/ctrsa/Howgrave-GrahamSW05},
  bibsource = {dblp computer science bibliography, http://dblp.org}
}
@inproceedings{ntruParams2,
  author    = {Philip S. Hirschhorn and
               Jeffrey Hoffstein and
               Nick Howgrave{-}Graham and
               William Whyte},
  title     = {Choosing NTRUEncrypt Parameters in Light of Combined Lattice Reduction
               and {MITM} Approaches},
  booktitle = {Applied Cryptography and Network Security, 7th International Conference,
               {ACNS} 2009, Paris-Rocquencourt, France, June 2-5, 2009. Proceedings},
  pages     = {437--455},
  year      = {2009},
  url       = {http://dx.doi.org/10.1007/978-3-642-01957-9_27},
  doi       = {10.1007/978-3-642-01957-9_27},
  timestamp = {Wed, 20 May 2009 10:47:04 +0200},
  biburl    = {http://dblp.uni-trier.de/rec/bib/conf/acns/HirschhornHHW09},
  bibsource = {dblp computer science bibliography, http://dblp.org}
}

@article{NR06,
  author    = {Phong Q. Nguyen and
               Oded Regev},
  title     = {Learning a Parallelepiped: Cryptanalysis of {GGH} and {NTRU} Signatures},
  journal   = {J. Cryptology},
  volume    = {22},
  number    = {2},
  pages     = {139--160},
  year      = {2009},
  url       = {http://dx.doi.org/10.1007/s00145-008-9031-0},
  doi       = {10.1007/s00145-008-9031-0},
  timestamp = {Tue, 12 May 2009 15:14:14 +0200},
  biburl    = {http://dblp.uni-trier.de/rec/bib/journals/joc/NguyenR09},
  bibsource = {dblp computer science bibliography, http://dblp.org}
},

@misc{NTL,
    author = {Victor Shoup},
    title = {{NTL - A Library for Doing Number Theory}},
    howpublished = {online},
	type = {C++ library},
	edition = {ntl-5.5.2},
    note = "available from {\url{http://www.shoup.net/ntl/index.html}}",
}

@misc{github,
    author = {},
    title = {{NTRU OpenSource Project}},
    howpublished = {online},
    note = "available from {\url{https://github.com/NTRUOpenSourceProject/ntru-crypto}}",
}

@misc{githubzz,
    author = {Zhenfei Zhang},
    title = {{NTRU polynomial multiplication code}},
    howpublished = {online},
    note = "available from {\url{https://github.com/zhenfeizhang/polynomial_mul}}",
}
@misc{githubwd,
    author = {Wei Dai},
    title = {{Experiments on constant-time polynomial multiplication for NTRUEncrypt}},
    howpublished = {online},
    note = "available from {\url{https://github.com/WeiDaiWD/NTRUEncrypt-Poly-Conv}}",
}
@misc{ieee1363_1,
    author = {IEEE Std 1363.1-2008},
    title = {{IEEE Standard Specification for Public Key Cryptographic Techniques Based on Hard Problems over Lattices}},
      year      = {2008},
}
@misc{x998,
    author = {Accredited Standards Committee X9},
    title = {{Lattice-Based Polynomial Public Key Establishment Algorithm for the Financial Services Industry}},
      year      = {201},
}
@article{DBLP:journals/iacr/BosDKLLSSS17,
  author    = {Joppe W. Bos and
               L{\'{e}}o Ducas and
               Eike Kiltz and
               Tancr{\`{e}}de Lepoint and
               Vadim Lyubashevsky and
               John M. Schanck and
               Peter Schwabe and
               Damien Stehl{\'{e}}},
  title     = {{CRYSTALS} - Kyber: a CCA-secure module-lattice-based {KEM}},
  journal   = {{IACR} Cryptology ePrint Archive},
  volume    = {2017},
  pages     = {634},
  year      = {2017},
  url       = {http://eprint.iacr.org/2017/634},
  timestamp = {Tue, 25 Jul 2017 16:35:21 +0200},
  biburl    = {http://dblp.org/rec/bib/journals/iacr/BosDKLLSSS17},
  bibsource = {dblp computer science bibliography, http://dblp.org}
}

@article{DBLP:journals/iacr/BaiLS16,
  author    = {Shi Bai and
               Thijs Laarhoven and
               Damien Stehl{\'{e}}},
  title     = {Tuple lattice sieving},
  journal   = {{IACR} Cryptology ePrint Archive},
  volume    = {2016},
  pages     = {713},
  year      = {2016},
  url       = {http://eprint.iacr.org/2016/713},
  timestamp = {Fri, 12 Aug 2016 14:52:39 +0200},
  biburl    = {http://dblp.uni-trier.de/rec/bib/journals/iacr/BaiLS16},
  bibsource = {dblp computer science bibliography, http://dblp.org}
}
@inproceedings{DBLP:conf/mycrypt/ChatterjeeKMS16,
  author    = {Sanjit Chatterjee and
               Neal Koblitz and
               Alfred Menezes and
               Palash Sarkar},
  title     = {Another Look at Tightness {II:} Practical Issues in Cryptography},
  booktitle = {Paradigms in Cryptology - Mycrypt 2016. Malicious and Exploratory
               Cryptology - Second International Conference, Mycrypt 2016, Kuala
               Lumpur, Malaysia, December 1-2, 2016, Revised Selected Papers},
  pages     = {21--55},
  year      = {2016},
  crossref  = {DBLP:conf/mycrypt/2016},
  url       = {https://doi.org/10.1007/978-3-319-61273-7_3},
  doi       = {10.1007/978-3-319-61273-7_3},
  timestamp = {Fri, 14 Jul 2017 12:16:36 +0200},
  biburl    = {http://dblp.org/rec/bib/conf/mycrypt/ChatterjeeKMS16},
  bibsource = {dblp computer science bibliography, http://dblp.org}
}
@misc{eess1v3,
    author = {Consortium for Efficient Embedded Security},
    title = {{Efficient Embedded Security Standard (EESS) \#1 version 3.0}},
      year      = {2015},
          note = "available from {\url{https://github.com/NTRUOpenSourceProject/ntru-crypto}}",
}

@misc{storage1,
    author = {},
title = {{What is the world's data storage capacity?}},
      year      = {2011},
          note = "available from {\url{http://www.zdnet.com/article/what-is-the-worlds-data-storage-capacity/}}",
}

@misc{atom,
    author = {},
title = {{The number of atoms in the World}},
      year      = {2014},
          note = "available from {\url{http://www.fnal.gov/pub/science/inquiring/questions/atoms.html}}",
}


@misc{storage2,
    author = {},
title = {{Scientists calculate total data stored to date: 295+ exabytes}},
      year      = {2011},
          note = "available from {\url{ http://www.computerworld.com/article/2513110/data-center/scientists-calculate-total-data-stored-to-date--295--exabytes.html}}",
}


@misc{subfielddjb,
    author = {Daniel J. Bernstein},
    title = {{A subfield-logarithm attack against ideal lattices}},
      year      = {2014},
          note = "available from {\url{https://blog.cr.yp.to/20140213-ideal.html}}",
}

@misc{BernsteinSHARCS,
    author = {Daniel J. Bernstein},
    title = {{Cost analysis of hash collisions: Will quantum computers make
  {SHARCS} obsolete?}},
  booktitle = {SHARCS},
      year      = {2009},
          note = "available from {\url{http://cr.yp.to/papers.html\#collisioncost}}",
}


@misc{ntruOpt,
    author = {Jeffrey Hoffstein and
               Joseph H. Silverman},
    title = {{Optimizations for NTRU}},
  booktitle = {Public Key Cryptography
and Computational Number Theory},
      year      = {2000},
}



@misc{hybrid2,
    author = {Thomas Wunderer},
    title = {Revisiting the Hybrid Attack: Improved Analysis and Refined Security Estimates},
    howpublished = {Cryptology ePrint Archive, Report 2016/733},
    year = {2016},
    note = {\url{http://eprint.iacr.org/2016/733}},
}


@misc{probupper,
    author = {Jeffrey Hoffstein and
               Joseph H. Silverman},
    title = {{Meet-in-the-middle Attack on an {NTRU} private key}},
  journal = {{NTRU Technical report \#04}},
    year      = {2006},
          note = "available from {\url{http://www.ntru.com}}",
}

@misc{techreport4,
    author = {Jeffrey Hoffstein and
               Joseph H. Silverman and
               William Whyte},
    title = {{Provable Probability Bounds for \NTRUEncrypt\ Convolution}},
  journal = {{NTRU Technical report \#22}},
    year      = {2007},
          note = "available from {\url{http://www.ntru.com}}",
}

@misc{ntruchallenge,
      year      = {2015},
          note = "available from {\url{https://www.ntru.com/ntru-challenge/}}",
}

@misc{qsh-tls,
title = {Quantum-Safe Hybrid ({QSH}) Key Exchange for Transport Layer Security ({TLS}) version 1.3}
      year      = {2017},
          note = "available from {\url{https://tools.ietf.org/html/draft-whyte-qsh-tls13-04}}",
}

@misc{avxtrans,
title = {Avoiding AVX-SSE Transition Penalties}
author ={Patrick Konsor}
      year      = {2012},
          note = "available from {\url{https://software.intel.com/en-us/articles/avoiding-avx-sse-transition-penalties}}",
}
@inproceedings{DBLP:conf/pkc/Bernstein06,
  author    = {Daniel J. Bernstein},
  title     = {Curve25519: New Diffie-Hellman Speed Records},
  booktitle = {Public Key Cryptography - {PKC} 2006, 9th International Conference
               on Theory and Practice of Public-Key Cryptography, New York, NY, USA,
               April 24-26, 2006, Proceedings},
  pages     = {207--228},
  year      = {2006},
  crossref  = {DBLP:conf/pkc/2006},
  url       = {http://dx.doi.org/10.1007/11745853_14},
  doi       = {10.1007/11745853_14},
  timestamp = {Thu, 20 Apr 2006 08:44:22 +0200},
  biburl    = {http://dblp.uni-trier.de/rec/bib/conf/pkc/Bernstein06},
  bibsource = {dblp computer science bibliography, http://dblp.org}
}

@inproceedings{Kaufmann2016WhenCS,
  title={When Constant-Time Source Yields Variable-Time Binary: Exploiting Curve25519-donna Built with MSVC 2015},
  author={Thierry Kaufmann and Herv{\'e} Pelletier and Serge Vaudenay and Karine Villegas},
  booktitle={CANS},
  year={2016}
}
@inproceedings{gama-nguyen,
 author = {Gama, Nicolas and Nguyen, Phong Q.},
 title = {Predicting lattice reduction},
 booktitle = {Proceedings of the theory and applications of cryptographic techniques 27th annual international conference on Advances in cryptology},
 series = {EUROCRYPT'08},
 year = {2008},
 isbn = {3-540-78966-9, 978-3-540-78966-6},
 location = {Istanbul, Turkey},
 pages = {31--51},
 numpages = {21},
 url = {http://dl.acm.org/citation.cfm?id=1788414.1788417},
 acmid = {1788417},
 publisher = {Springer-Verlag},
 address = {Berlin, Heidelberg},
 keywords = {BKZ, DEEP insertions, LLL, lattice reduction, lattice-based cryptosystems},
}
@inproceedings{ssntru,
  author    = {Damien Stehl{\'{e}} and
               Ron Steinfeld},
  title     = {Making {NTRU} as Secure as Worst-Case Problems over Ideal Lattices},
  booktitle = {Advances in Cryptology - {EUROCRYPT} 2011 - 30th Annual International
               Conference on the Theory and Applications of Cryptographic Techniques,
               Tallinn, Estonia, May 15-19, 2011. Proceedings},
  pages     = {27--47},
  year      = {2011},
  url       = {http://dx.doi.org/10.1007/978-3-642-20465-4_4},
  doi       = {10.1007/978-3-642-20465-4_4},
  timestamp = {Thu, 05 May 2011 18:04:16 +0200},
  biburl    = {http://dblp.uni-trier.de/rec/bib/conf/eurocrypt/StehleS11},
  bibsource = {dblp computer science bibliography, http://dblp.org}
}

@inproceedings{sha-1-att,
  author    = {Xiaoyun Wang and
               Yiqun Lisa Yin and
               Hongbo Yu},
  title     = {Finding Collisions in the Full {SHA-1}},
  booktitle = {Advances in Cryptology - {CRYPTO} 2005: 25th Annual International
               Cryptology Conference, Santa Barbara, California, USA, August 14-18,
               2005, Proceedings},
  pages     = {17--36},
  year      = {2005},
  url       = {http://dx.doi.org/10.1007/11535218_2},
  doi       = {10.1007/11535218_2},
  timestamp = {Fri, 04 Nov 2005 09:54:52 +0100},
  biburl    = {http://dblp.uni-trier.de/rec/bib/conf/crypto/WangYY05a},
  bibsource = {dblp computer science bibliography, http://dblp.org}
}

@inproceedings{subfieldabd,
  author    = {Martin R. Albrecht and
               Shi Bai and
               L{\'{e}}o Ducas},
  title     = {A Subfield Lattice Attack on Overstretched {NTRU} Assumptions - Cryptanalysis
               of Some {FHE} and Graded Encoding Schemes},
  booktitle = {Advances in Cryptology - {CRYPTO} 2016 - 36th Annual International
               Cryptology Conference, Santa Barbara, CA, USA, August 14-18, 2016,
               Proceedings, Part {I}},
  pages     = {153--178},
  year      = {2016},
  url       = {http://dx.doi.org/10.1007/978-3-662-53018-4_6},
  doi       = {10.1007/978-3-662-53018-4_6},
  timestamp = {Sat, 20 Aug 2016 12:19:23 +0200},
  biburl    = {http://dblp.uni-trier.de/rec/bib/conf/crypto/AlbrechtBD16},
  bibsource = {dblp computer science bibliography, http://dblp.org}
}
@article{subfieldcjl,
  author    = {Jung Hee Cheon and
               Jinhyuck Jeong and
               Changmin Lee},
  title     = {An Algorithm for {NTRU} Problems and Cryptanalysis of the {GGH} Multilinear
               Map without an encoding of zero},
  journal   = {{IACR} Cryptology ePrint Archive},
  volume    = {2016},
  pages     = {139},
  year      = {2016},
  url       = {http://eprint.iacr.org/2016/139},
  timestamp = {Sun, 13 Mar 2016 16:40:55 +0100},
  biburl    = {http://dblp.uni-trier.de/rec/bib/journals/iacr/CheonJL16},
  bibsource = {dblp computer science bibliography, http://dblp.org}
}
@article{ntruprime,
  author    = {Daniel J. Bernstein and
               Chitchanok Chuengsatiansup and
               Tanja Lange and
               Christine van Vredendaal},
  title     = {{NTRU} Prime},
  journal   = {{IACR} Cryptology ePrint Archive},
  volume    = {2016},
  pages     = {461},
  year      = {2016},
  url       = {http://eprint.iacr.org/2016/461},
  timestamp = {Sat, 11 Jun 2016 18:59:57 +0200},
  biburl    = {http://dblp.uni-trier.de/rec/bib/journals/iacr/BernsteinCLV16},
  bibsource = {dblp computer science bibliography, http://dblp.org}
}
@article{subfieldkf,
  author    = {Paul Kirchner and
               Pierre{-}Alain Fouque},
  title     = {Comparison between Subfield and Straightforward Attacks on {NTRU}},
  journal   = {{IACR} Cryptology ePrint Archive},
  volume    = {2016},
  pages     = {717},
  year      = {2016},
  url       = {http://eprint.iacr.org/2016/717},
  timestamp = {Fri, 12 Aug 2016 14:52:40 +0200},
  biburl    = {http://dblp.uni-trier.de/rec/bib/journals/iacr/KirchnerF16a},
  bibsource = {dblp computer science bibliography, http://dblp.org}
}
@inproceedings{ltv13,
  author    = {Adriana L{\'{o}}pez{-}Alt and
               Eran Tromer and
               Vinod Vaikuntanathan},
  title     = {On-the-fly multiparty computation on the cloud via multikey fully
               homomorphic encryption},
  booktitle = {Proceedings of the 44th Symposium on Theory of Computing Conference,
               {STOC} 2012, New York, NY, USA, May 19 - 22, 2012},
  pages     = {1219--1234},
  year      = {2012},
  url       = {http://doi.acm.org/10.1145/2213977.2214086},
  doi       = {10.1145/2213977.2214086},
  timestamp = {Tue, 22 May 2012 21:50:15 +0200},
  biburl    = {http://dblp.uni-trier.de/rec/bib/conf/stoc/Lopez-AltTV12},
  bibsource = {dblp computer science bibliography, http://dblp.org}
}

@inproceedings{ggh13,
  author    = {Sanjam Garg and
               Craig Gentry and
               Shai Halevi},
  title     = {Candidate Multilinear Maps from Ideal Lattices},
  booktitle = {Advances in Cryptology - {EUROCRYPT} 2013, 32nd Annual International
               Conference on the Theory and Applications of Cryptographic Techniques,
               Athens, Greece, May 26-30, 2013. Proceedings},
  year      = {2013},
  pages     = {1--17},
  url       = {http://dx.doi.org/10.1007/978-3-642-38348-9_1},
  doi       = {10.1007/978-3-642-38348-9_1},
  timestamp = {Fri, 24 Oct 2014 17:06:15 +0200},
  biburl    = {http://dblp.uni-trier.de/rec/bib/conf/eurocrypt/GargGH13},
  bibsource = {dblp computer science bibliography, http://dblp.org}
}

@article{DBLP:journals/popets/SchanckWZ16,
  author    = {John M. Schanck and
               William Whyte and
               Zhenfei Zhang},
  title     = {Circuit-extension handshakes for Tor achieving forward secrecy in
               a quantum world},
  journal   = {PoPETs},
  volume    = {2016},
  number    = {4},
  pages     = {219--236},
  year      = {2016},
  url       = {http://dx.doi.org/10.1515/popets-2016-0037},
  doi       = {10.1515/popets-2016-0037},
  timestamp = {Wed, 09 Nov 2016 15:39:44 +0100},
  biburl    = {http://dblp.uni-trier.de/rec/bib/journals/popets/SchanckWZ16},
  bibsource = {dblp computer science bibliography, http://dblp.org}
}

@inproceedings{Grover1996,
  author    = {Grover, Lov K.},
  title     = {A Fast Quantum Mechanical Algorithm for Database Search},
  booktitle = {Proceedings of the Twenty-eighth Annual ACM Symposium on Theory
               of Computing},
  series    = {STOC '96},
  year      = {1996},
  isbn      = {0-89791-785-5},
  location  = {Philadelphia, Pennsylvania, USA},
  pages     = {212--219},
  numpages  = {8},
  url       = {http://doi.acm.org/10.1145/237814.237866},
  doi       = {10.1145/237814.237866},
  acmid     = {237866},
  publisher = {ACM},
  address   = {New York, NY, USA},
}

@Article{Harvey2014,
  author     = {Harvey, David},
  title      = {Faster Arithmetic for Number-theoretic Transforms},
  journal    = {J. Symb. Comput.},
  year       = {2014},
  volume     = {60},
  pages      = {113--119},
  month      = jan,
  issn       = {0747-7171},
  acmid      = {2562751},
  address    = {Duluth, MN, USA},
  doi        = {10.1016/j.jsc.2013.09.002},
  issue_date = {January, 2014},
  numpages   = {7},
  owner      = {wei},
  publisher  = {Academic Press, Inc.},
  timestamp  = {2017-09-25},
  url        = {http://dx.doi.org/10.1016/j.jsc.2013.09.002},
}

@InBook{Gueron2016,
  pages     = {189--199},
  title     = {Software Optimizations of NTRUEncrypt for Modern Processor Architectures},
  publisher = {Springer International Publishing},
  year      = {2016},
  author    = {Gueron, Shay and Schlieker, Fabian},
  editor    = {Latifi, Shahram},
  address   = {Cham},
  isbn      = {978-3-319-32467-8},
  abstract  = {This paper describes software optimizations for the post-quantum public-key encryption scheme NTRUEncrypt. We build upon the, to the best of our knowledge, fastest open-source NTRUEncrypt library and optimize it by taking advantage of AVX2 and AVX512 SIMD instructions as well as the AES-NI built-in encryption functions.},
  booktitle = {Information Technology: New Generations: 13th International Conference on Information Technology},
  doi       = {10.1007/978-3-319-32467-8_18},
  owner     = {wei},
  timestamp = {2017-09-25},
  url       = {https://doi.org/10.1007/978-3-319-32467-8_18},
}

@Article{Monteverde2008,
  author    = {Monteverde, Mariano},
  title     = {NTRU software implementation for constrained devices},
  journal   = {Master's thesis, Katholieke Universiteit Leuven},
  year      = {2008},
  owner     = {wei},
  timestamp = {2017-09-25},
}
@article{DBLP:journals/corr/abs-1205-2926,
  author    = {David Harvey},
  title     = {Faster arithmetic for number-theoretic transforms},
  journal   = {CoRR},
  volume    = {abs/1205.2926},
  year      = {2012},
  url       = {http://arxiv.org/abs/1205.2926},
  timestamp = {Wed, 07 Jun 2017 14:40:23 +0200},
  biburl    = {http://dblp.uni-trier.de/rec/bib/journals/corr/abs-1205-2926},
  bibsource = {dblp computer science bibliography, http://dblp.org}
}
@inproceedings{DBLP:conf/ches/HulsingRSS17,
  author    = {Andreas H{\"{u}}lsing and
               Joost Rijneveld and
               John M. Schanck and
               Peter Schwabe},
  title     = {High-Speed Key Encapsulation from {NTRU}},
  booktitle = {Cryptographic Hardware and Embedded Systems - {CHES} 2017 - 19th International
               Conference, Taipei, Taiwan, September 25-28, 2017, Proceedings},
  pages     = {232--252},
  year      = {2017},
  crossref  = {DBLP:conf/ches/2017},
  url       = {https://doi.org/10.1007/978-3-319-66787-4_12},
  doi       = {10.1007/978-3-319-66787-4_12},
  timestamp = {Mon, 18 Sep 2017 13:25:39 +0200},
  biburl    = {http://dblp.org/rec/bib/conf/ches/HulsingRSS17},
  bibsource = {dblp computer science bibliography, http://dblp.org}
}

